2400 3960
433 229 748 318 FATI.
947 253 1046 360 25¹

116 502 120 510 ,
186 425 373 526 praeceptis
387 423 597 522 eloquentiae
613 422 834 496 &comitate
857 419 1002 494 honesti
1026 430 1032 441 '

187 528 242 614 ei,
269 542 434 622 quantum
451 524 590 622 potuit,
616 519 799 594 consuluit.
853 519 921 592 Sed
935 517 1002 590 ser·

187 642 330 721 pentem
358 621 395 693 in
425 620 500 694 finu
529 619 699 712 ¹fovebat,
726 619 763 692 &
789 617 1001 709 monstrum,

190 719 284 817 quod
299 744 365 793 nec
383 718 503 810 fratri,
530 743 595 792 nec
614 719 738 809 matri,
763 741 829 788 nec
845 713 909 814 ipfi
924 740 1001 813 par·

189 818 267 895 cere
281 837 449 909 noverat,
464 814 547 891 ciem
563 815 757 915 promiscui
772 813 868 887 caede
886 815 923 885 in
937 838 1003 911 op·

188 918 316 989 timum
334 941 507 1015 quemque
520 915 666 988 saeviret.
717 912 869 986 Dubites
885 930 1003 984 tamen

187 1039 232 1086 an
246 1016 283 1087 in
300 1017 393 1106 vita,
417 1039 460 1086 an
477 1015 561 1089 dum
584 1013 685 1087 defiit
704 1013 842 1102 vivere,
868 1035 911 1087 an
929 1012 1003 1107 jam

187 1113 314 1185 clarior
325 1113 381 1205 fit,
390 1113 473 1185 dum
489 1116 555 1185 n'ec
569 1113 700 1184 cineres
715 1109 853 1182 restant.
880 1107 1003 1180 Clarus

189 1230 262 1284 erat
278 1213 421 1302 invita,
440 1213 477 1283 in
492 1231 607 1284 morte
628 1208 805 1298 constans,
831 1205 909 1305 post
925 1205 1001 1279 obi·
1082 1278 1086 1283 .

191 1328 269 1381 tum
298 1307 432 1405 scriptis
461 1310 512 1380 est
538 1308 755 1380 immortalis.
805 1307 848 1377 In
879 1304 1003 1403 quibus

188 1398 323 1504 ⁴eminet
336 1429 456 1477 aureus
469 1405 604 1479 libellus
617 1406 655 1476 de
669 1403 905 1494 Providentia,
932 1402 1002 1475 five

190 1527 289 1597 quare
304 1505 389 1575 bouis
403 1506 486 1576 viris
499 1508 587 1576 mala
599 1503 765 1593 accidant,
780 1501 901 1596 cimstt
915 1503 1003 1574 Pro·

190 1602 362 1674 videntia:
387 1627 463 1700 pars
485 1620 602 1675 tamen
626 1601 703 1674 haec
731 1601 871 1697 majoris
891 1597 1001 1673 solum

104 1765 106 1768 .
189 1699 241 1772 cst
262 1703 395 1798 operis,
422 1700 516 1798 quod
536 1699 680 1800 publico
700 1698 907 1772 interfuiffet
928 1723 1001 1771 non

188 1802 335 1898 periiffe.
386 1799 497 1899 Cujus
518 1797 587 1899 ipse
609 1799 658 1871 rei
674 1798 767 1870 testis
788 1796 838 1870 est
858 1797 919 1871 sub
933 1798 999 1869 ini·

116 1985 119 1988 .
156 1908 163 1915 '
189 1900 298 1973 tium:
326 1899 478 2003 Qaeſssti
499 1902 521 1970 d
544 1923 612 1988 me,
633 1901 762 1987 Lucili,
783 1897 862 1990 quid
879 1900 949 1987 ita,
965 1902 999 1989 st

188 2000 406 2072 Providentid
430 1999 565 2070 muudus
583 2013 759 2093 ageretur,
791 1999 895 2066 multa
915 1997 1002 2068 bouis
1101 1991 1107 2004 ‘

190 2103 275 2171 uiris
302 2101 477 2172 acciderent
499 2098 624 2170 maloi?
649 2097 721 2169 Hoc
748 2094 935 2168 commodius
967 2100 1003 2166 in
1065 2183 1076 2192 „

189 2214 335 2270 contextu
350 2203 450 2292 operis
471 2197 677 2286 redderetur,
703 2194 771 2268 crim
786 2194 915 2286 praeeffi
929 2195 1002 2266 uui·
1035 2210 1039 2219 ’

190 2303 288 2392 versts
300 2297 550 2370 Prouidentiam
559 2298 783 2389 probaremus,
804 2285 846 2372 ὅθ
859 2294 1002 2388 intereffe

189 2398 276 2469 uobis
293 2398 414 2469 Deum.
465 2396 532 2469 Sed
550 2404 698 2489 quoniam
720 2393 757 2465 de
773 2407 839 2463 toto
855 2397 1003 2485 particu-
1077 2394 1080 2405 '

104 2528 123 2583 χ
189 2498 256 2567 tom
275 2500 388 2570 revelli
403 2499 530 2586 placet,
553 2493 595 2571 Θ
610 2517 707 2562 uuam
729 2490 1004 2571 contradidionem

188 2608 336 2664 manento
351 2596 408 2662 lite
422 2588 703 2682 integrasolvere3
722 2587 848 2678 faciam
861 2611 929 2657 rem
943 2613 1003 2658 nou
1046 2672 1049 2677 ,
1163 2665 1165 2673 ,

189 2692 225 2761 di
260 2691 377 2775 cidem,
417 2685 546 2776 causum
574 2684 720 2752 Deorum
748 2705 853 2775 agam.
903 2680 1003 2774 Idem

190 2781 325 2880 scripsit
346 2782 384 2854 de
399 2781 578 2868 Fortuito‘s,
604 2777 673 2850 five
695 2777 733 2848 de
748 2778 910 2851 Remediis
923 2781 1004 2848 For-
1090 2839 1092 2844 .

191 2885 367 2970 mitorum,
387 2878 434 2951 ad
446 2879 623 2950 Gallionem
636 2877 806 2968 Poetam,
831 2876 942 2949 veluti
966 2877 1006 2949 in

192 2978 412 3074 Fragmentis
427 2975 567 3050 inscribi
588 2974 686 3049 solet.
736 2975 908 3049 Meminit
931 2976 1005 3078 ejus

194 3074 408 3151 Tertullianus
421 3078 460 3150 in
472 3079 681 3173 Apologetr'oo.
707 3079 729 3126 *¹

583 3275 614 3348 B
639 3295 663 3372 5
862 3258 1008 3349 Trium·

248 3479 269 3520 ὓ
291 3470 730 3555 ΝἰεοΙ.Αηῑοη.ἱηΒίὗΙ.Ηξ[μη.
766 3468 769 3475 '
