2400 3960
169 207 880 321 ιει·τιιιιιιιιιιιι

207 358 211 365 ¹
243 405 376 480 Eadem
391 404 492 478 Italia

169 665 175 677 .
218 601 603 682 HIERONYMUM
636 595 951 675 CARDANUM
963 651 980 694 ,

193 799 522 894 Mediolanensem,
561 794 852 899 praeclariffimum
878 797 1003 872 Medi·

191 921 295 991 cum,
311 898 428 987 dedit3
455 903 513 973 cui
552 897 740 971 rosundum
753 892 1002 994 profusumque

189 996 391 1096 ingenium,
416 1022 481 1071 nec
502 925 681 1071 adversarii
696 992 880 1092 denegant.
931 994 1003 1068 Vir

188 1093 290 1190 plane
306 1094 501 1196 fingularis,
527 1089 611 1167 ciam
625 1094 718 1166 varia
729 1092 814 1163 vitae
834 1088 903 1163 suae
918 1116 1000 1190 per-

188 1189 357 1360 ffinderet
377 1193 474 1286 sata,
509 1189 677 1292 praetered
696 1187 828 1262 summo
850 1189 1001 1359 inienio

231 1287 382 1364 istoriam
405 1293 517 1366 omnis
539 1291 605 1363 aevi
628 1291 666 1362 in
685 1304 867 1360 numerato
918 1287 1001 1362 abe·

122 1420 129 1436 ι
188 1405 265 1479 ret,
291 1387 327 1461 ὅ(
343 1389 427 1464 huic
448 1389 554 1490 scopo
575 1409 731 1487 congrua
751 1382 861 1458 multa
882 1389 1001 1485 operi·

189 1481 253 1557 bus
267 1484 384 1586 paffim
405 1486 634 1588 insperfisset,
659 1482 765 1557 libros
787 1508 842 1556 ιν.
863 1484 901 1554 de
914 1487 1000 1557 Fato

186 1579 320 1683 scripsit
335 1611 509 1685 nunquam
524 1585 657 1670 editos3
683 1580 740 1654 sed
753 1582 835 1679 qui,
859 1598 901 1653 ut
914 1580 997 1655 ede·

185 1701 306 1754 rentur
316 1683 528 1775 meruissent,
535 1707 601 1755 nec
614 1699 753 1755 tantum
762 1681 875 1751 Manu
889 1676 995 1777 scrip·

187 1778 215 1848 ti
237 1780 274 1851 in
295 1781 510 1879 privatorum
535 1777 751 1878 quorundam
766 1775 993 1851 Bibliothecis

185 1873 375 1949 laterent*
401 1877 585 1975 Qiantum
600 1902 645 1950 ex
658 1874 778 1950 tabula
788 1873 988 1971 libri,quam

186 1973 317 2068 edidit,
332 1977 497 2070 eonfiat,
522 1974 612 2050 libro
626 2000 652 2048 1.
668 1978 870 2073 cognitionem
884 1971 924 2053 sd
938 1972 992 2044 de·

184 2075 436 2168 monstrationem
450 2079 547 2167 Fati,
562 2096 807 2168 communemque
820 2069 995 2166 consensum

185 2171 224 2241 de
237 2173 293 2245 hoc
307 2173 349 2255 &i
363 2175 466 2246 tribus
482 2177 600 2247 Parcis
614 2171 790 2246 attulisset.

234 2268 347 2343 Libro
369 2269 518 2344 secundo
537 2272 711 2367 quindecim
724 2272 860 2341 ratioms
873 2266 996 2340 adver·

175 2363 236 2458 sus
251 2366 397 2460 Fatum,
424 2369 578 2465 &iisque
589 2366 837 2466 satisfacienda,
862 2391 917 2439 nec
934 2365 997 2441 has

62 2525 69 2542 ,
184 2465 292 2535 tollere
306 2467 425 2538 Fatum
440 2467 680 2567 proposuisset.

234 2560 304 2635 Cui
319 2558 402 2636 ciam
418 2566 587 2641 innitatur
600 2557 798 2657 Divinatio,
814 2562 905 2637 libro
919 2584 989 2634 ιιι.

182 2657 266 2733 hanc
278 2663 514 2762 expendisset,
540 2666 582 2749 fii
594 2666 760 2762 septuplex
781 2663 891 2734 mundi
915 2663 989 2732 vin·

183 2765 288 2833 culum
309 2786 378 2833 aum
392 2765 485 2856 Deo,
510 2770 694 2838 mortalium
715 2785 784 2834 cum
806 2765 896 2852 aoelo,
921 2782 990 2832 cum

184 2864 281 2952 causts
300 2864 520 2953 naturalibus,
545 2868 707 2936 vinculum
720 2863 884 2949 unitatis,
908 2861 991 2929 inte·

184 2956 267 3027 ritis
281 2957 322 3036 {a
329 2956 521 3051 fiaccefflonis
538 2964 572 3033 in
593 2960 804 3047 mortalibus,
830 2958 995 3029 vinculum

186 3050 284 3143 Fati,
298 3057 464 3152 mundique
479 3083 549 3130 cum
562 3059 684 3129 homine
699 3052 918 3154 exposuisset.

233 3148 343 3223 Liber
374 3174 512 3250 quartus
538 3160 687 3249 proprias
714 3152 994 3246 confiderationes,

97 3341 100 3346 ι
185 3270 255 3344 quae
271 3273 310 3318 ex
325 3252 408 3322 Fato
422 3253 579 3346 pendent,
605 3250 824 3328 exhibuisset.
869 3250 919 3344 ,In
941 3248 996 3320 his

139 3401 143 3409 .
916 3341 995 3417 sane*

248 3475 268 3517 ¹'
289 3476 379 3538 Noua.
392 3483 418 3551 ς.
431 3495 456 3538 ι.
466 3479 497 3538 de
507 3477 583 3539 Fato.
