2400 3960
106 413 221 486 mittit
243 435 324 484 cum
346 409 420 484 aliis
441 410 648 484 Brvrr'ovr'cir'
672 407 858 509 Epistolis,
879 411 920 485 δε

108 531 231 584 monet
244 511 527 610 Typographus,
552 507 649 609 quod
670 509 755 582 dum
770 511 882 584 Sarma
894 515 921 583 ri

109 607 306 708 responsum
320 611 359 681 in
375 608 507 708 justum
523 611 691 683 volumen
704 612 921 702 excreverit,

34 784 36 786 ,
108 707 245 781 seorfim
260 708 362 782 edere
376 704 516 781 condius
528 706 647 815 fuerit.
684 707 817 783 Videre
836 707 934 802 verb·

112 809 182 879 hoc
221 826 490 880 monumentum
531 807 620 880 mihi
646 833 719 883 non
758 807 925 907 contigit.

112 909 212 980 Inter
218 931 325 1004 opera
339 904 448 1004 praelo
463 925 581 1005 parata
591 924 844 981 commemorat
852 911 927 980 An·

113 1008 524 1097 ror'rr'rrsClemrntirrs‚vitae
539 1006 651 1081 Salma
663 1012 690 1081 ri
704 1004 927 1104 compilator.

164 1204 209 1274 In
223 1203 344 1275 eadem
356 1202 546 1277 Academia
560 1200 790 1302 Lugdunensr
802 1199 930 1279 'eodem
1042 1215 1045 1218 “

80 1302 83 1308 ’
116 1322 276 1399 tempore
291 1300 450 1375 elucebat
465 1300 738 1402 incomparabile

222 1495 525 1583 DANIELlS
574 1490 822 1573 HEINSII

116 1696 298 1795 ingenium
314 1695 427 1795 &par
437 1699 631 1799 judicium,
658 1699 719 1797 qui
733 1697 827 1771 nulla
838 1696 878 1770 in
892 1721 930 1770 re
997 1730 1000 1734 ·

117 1797 272 1892 Salmrfio
290 1796 436 1870 inferior
449 1797 547 1872 fuille
563 1798 723 1889 videtur,
746 1796 809 1870 nisi
826 1796 932 1887 loco,

112 1894 205 1995 jullu
230 1896 444 1996 superiorum
461 1897 498 1969 &
513 1896 756 1997 magnitudine
779 1896 932 1986 volumi-

116 1999 243 2067 num*
269 1997 387 2097 Hujus
401 1995 439 2067 ὃ(
453 1996 519 2069 alia
531 1995 701 2069 dodtrinae
714 1993 793 2069 sunt
807 2013 933 2074 monu·
1003 2009 1010 2024 ⁸

115 2113 254 2190 menta,
275 2117 353 2170 tum
371 2097 476 2168 etiam
499 2095 728 2195 quaestionem
750 2093 935 2166 a·Beverr·
1033 2092 1034 2096 ’

115 2197 197 2265 virio
208 2193 422 2296 propositam
436 2193 685 2269 enucleandam
698 2189 831 2291 sumsrt,
839 2189 935 2265 testi·

119 2297 239 2364 monio
262 2299 376 2369 Marri
398 2298 515 2367 Zrerr'i
528 2294 734 2386 Boxhrrnii,
768 2295 829 2391 qui
850 2284 935 2365 clun
988 2362 993 2371 .

28 2409 30 2415 ·
119 2389 241 2462 Lavini
255 2397 389 2492 Lemnii
403 2393 609 2490 opusculum
630 2395 668 2466 dr
685 2391 829 2466 Termino
845 2385 936 2466 Vita

119 2487 229 2582 praelo
245 2487 371 2565 iterum
386 2492 625 2583 submitteret,
640 2490 936 2590 ipsumqueBevr-

118 2591 276 2679 rovirius,
300 2609 341 2661 ut
355 2592 514 2687 quaedam
529 2590 637 2661 literis
648 2588 870 2687 confignaret
883 2588 938 2658 in·
954 2674 958 2683 ι

119 2685 275 2778 vitasset,
296 2705 411 2785 partes
424 2689 555 2779 Heinfio
577 2685 692 2776 cedit,
718 2711 762 2758 ne
775 2683 936 2758 videatur

119 2782 266 2859 Iliadem
292 2782 515 2885 canerepost
535 2787 713 2863 Homerum
732 2810 745 2857 .·
778 2778 951 2859 rescribit·

119 2905 233 2956 emm:

281 2985 357 3063 Qid
378 3007 421 3044 me
442 2984 598 3061 destitutum
620 2983 655 3041 ab
677 2982 816 3052 omnibus,

161 3091 215 3152 Vir
236 3093 366 3166 summe,
384 3095 490 3174 poscis?
512 3096 559 3175 qui
580 3115 626 3152 nec
645 3096 772 3173 interpres
793 3086 903 3168 Dedin,

133 3247 136 3254 .
161 3212 217 3261 Ner
231 3203 392 3282 devitarint
407 3206 507 3284 scriba,
519 3216 672 3264 Parcarum
686 3207 751 3280 sui,

161 3324 217 3373 Nec
239 3326 310 3373 Fata
330 3318 416 3377 novi?
439 3315 573 3395 Nunquid
593 3315 627 3391 'est
649 3315 704 3374 ribi*
714 3315 804 3392 fatis,
868 3339 869 3343 ¹

891 3406 939 3460 Tor

193 3508 212 3544 ὓ
234 3506 339 3588 Memfi
350 3510 448 3570 Athen.
461 3507 560 3568 Barrv.
571 3505 706 3568 Parinrr'r
723 3510 795 3567 MS.
812 3587 814 3599 κ
