2400 3960
202 176 208 187 ’
341 227 395 335 m
474 223 1034 313 Tunnruum

338 418 409 491 tale
424 419 538 494 millus
552 422 623 514 est,
637 422 685 494 'ut
699 444 781 492 cum
795 418 996 491 Pontificiis
1019 418 1065 493 de
1083 415 1161 498 Re·

335 515 470 616 ligione
488 519 675 593 conferret.
716 518 870 590 Tantam
886 518 946 589 illc
960 517 1159 600 doelrinam

333 619 572 716 pietatemque
599 621 637 691 in
665 617 772 691 arduo
801 616 872 687 hoc
900 618 1050 716 negotio
1082 645 1158 719 prae

334 713 368 786 se
383 715 485 806 tulit,
507 736 548 789 ut
561 714 626 790 suis
640 713 775 789 abunde
791 711 1019 806 satisfaceret,
1041 715 1081 790 &
1095 720 1158 794 ad·

179 892 185 900 ,
335 812 499 886 versarios
521 815 558 886 in
571 815 834 888 admirationem
848 810 897 885 sui
914 834 990 885 tum
1006 813 1157 893 suavita·

335 931 373 984 te
387 935 547 1004 morum,
573 933 650 987 tum
667 912 874 1010 scriptorum
896 911 1075 1012 eleganti&
1099 941 1153 990 ra·

334 1030 446 1107 peret.
496 1011 540 1083 ln
555 1012 608 1085 his
623 1013 789 1085 volumen
803 1011 841 1079 de
856 1012 938 1083 Fato
955 1010 1026 1102 est,
1051 1016 1150 1113 cujus

333 1110 425 1181 MS.
441 1128 514 1181 erat
528 1110 620 1210 apud
634 1114 771 1183 Leonem
786 1111 971 1200 Asianum,
1000 1112 1060 1208 qui
1073 1114 1145 1211 ejus

331 1206 523 1278 editionem
539 1208 759 1282 moliebatur.
787 1210 810 1256 ¹¹*
861 1207 970 1279 Aliud
985 1209 1076 1283 MS.
1100 1233 1144 1283 ex

333 1303 557 1380 Bibliotheca
572 1304 838 1381 Vindobonenli
854 1305 991 1403 profert
1007 1310 1146 1382 Lambe-

329 1412 407 1477 cr'us.
435 1401 464 1494 †
512 1406 596 1479 Fuit
611 1404 703 1479 aliud
718 1406 756 1477 in
771 1404 996 1478 Bibliotheca
1011 1407 1149 1481 Scoria·

328 1501 433 1575 lenfi:
451 1495 472 1565 i
490 1504 582 1577 aliud
597 1506 634 1577 in
649 1501 873 1576 Bibliotheca
889 1503 1092 1603 Augustana
1107 1513 1149 1604 l.

330 1601 483 1676 Naturae
497 1601 655 1677 debitum
671 1602 811 1675 demum
828 1604 1048 1676 centenarius
1061 1605 1148 1677 vita:

327 1697 419 1773 latur
432 1697 607 1800 peisolvit.
633 1702 660 1783 β

377 1897 437 1971 Ab
452 1898 523 1973 hoc
537 1901 739 1998 proximum
755 1919 908 1974 meretur
921 1898 1037 1972 locum

329 2094 560 2172 concur.
582 2097 788 2174 umarus
815 2087 1137 2188 SALUTATUS‚

325 2293 346 2368 ὲ
362 2298 533 2396 Stignano
549 2296 631 2370 vico
644 2295 840 2369 Florentini
852 2291 948 2393 agri,
973 2289 1141 2368 &familia

325 2396 550 2468 Salutatorrm
574 2394 765 2485 oriundus,
791 2394 852 2492 qui
876 2393 1006 2463 Urbano
1023 2391 1071 2464 V.
1099 2392 1138 2464 δε

325 2495 474 2589 Gregorio
490 2494 528 2568 X
538 2495 569 2567 Ι.
587 2490 726 2565 summis
741 2491 924 2590 Episcopis
936 2488 1005 2562 fuit
1019 2486 1134 2586 primi>

324 2589 518 2686 Maerens,
545 2589 665 2693 postea
679 2590 904 2689 Reipublicae
920 2588 1136 2660 Florentinae

325 2691 447 2765 Scriba
462 2691 573 2785 sacer,
600 2715 705 2791 quem
720 2688 978 2762 Cancellarium
995 2704 1134 2757 vocant.

324 2789 359 2861 ls
373 2785 456 2864 ciam
472 2793 585 2865 Poeta
604 2793 773 2863 laureatus
790 2786 826 2858 δί
841 2781 1136 2884 eloquentiffimus

323 2890 457 2961 Orator
474 2889 577 2979 esset,
594 2890 632 2959 de
646 2890 729 2959 Fato
743 2885 780 2957 bc
795 2888 942 2956 Fortuna
959 2882 1139 2980 eleganter

320 2984 527 3085 scriplit,uti
542 2982 779 3084 MSS.pallim
793 2981 977 3057 testantur.
994 2983 1138 3053 Horum

311 3095 330 3138 C
989 3080 1139 3153 alterum

362 3206 381 3243 ⁴⁵
404 3207 608 3265 Narmalcha.
623 3219 686 3282 pag.
700 3215 761 3263 160.
832 3242 839 3255 ·

361 3287 381 3360 †
405 3290 543 3347 Commeat.
554 3288 600 3343 lib.
613 3304 641 3354 7.
655 3298 717 3362 pag.
730 3293 774 3343 ει.

357 3379 378 3438 ss
401 3369 487 3425 Cant.
497 3363 702 3444 Manoscriptor.
714 3361 888 3444 Manrrscripr.

358 3452 378 3525 ,1,
403 3446 503 3506 Wharl.
514 3451 552 3504 ad
560 3448 628 3502 Cav.
639 3446 736 3524 Script.
747 3443 839 3526 Ecclefi
846 3459 909 3526 pag.
923 3462 970 3518 79.

357 3534 377 3595 β
398 3527 634 3603 Alhl.deGeorg.
643 3537 707 3604 pag.
720 3530 781 3603 385.
