2400 3960
173 183 176 188 “
292 173 663 304 'uA-Ti.
858 217 905 328 83

165 408 286 483 Ertilis
299 399 367 482 fuit
388 405 467 480 haec
482 423 563 480 aetas
579 404 616 478 &
632 405 707 478 aliis
727 401 912 479 clarissimis

178 510 280 601 viriS,
302 507 338 579 &
354 503 533 606 praecipue?
549 502 670 578 Thomd
686 505 912 598 Campanellti,

101 610 236 703 Hrgone
265 610 402 697 Grotio,
435 608 537 678 Petro
570 604 751 697 Gaffendo,
782 604 911 698 Joarme

101 706 253 801 Baptisttt
268 705 410 783 Morino.

148 902 260 976 Inhis
815 1013 819 1020 Ι

130 1098 388 1226 ruomns
430 1063 872 1191 comninetur,
936 1208 940 1217 ι

98 1297 208 1388 stilo,
223 1296 394 1370 Calabriae
404 1295 541 1396 'oppido
556 1294 816 1386 oriundus‚Vir
831 1314 904 1370 tam

96 1394 293 1466 ardentis&
308 1394 502 1492 portentosi
517 1395 651 1492 ingenii
664 1392 745 1484 fuit,
756 1392 846 1465 utde
860 1418 904 1466 eo

97 1490 309 1586 dictumst,
334 1496 415 1566 orde
435 1500 548 1568 literas
559 1489 644 1584 seit,
665 1492 732 1562 com
747 1518 806 1564 non
820 1493 904 1564 ditt-

94 1593 200 1663 cerit?
225 1593 360 1666 Omnes
372 1592 590 1666 scientiarum
613 1588 750 1664 ordines
763 1588 906 1690 insignis

95 1711 244 1764 novator
258 1689 402 1765 transiit.
430 1691 519 1763 Non
533 1690 643 1788 igitur
658 1689 822 1784 illustrem
837 1715 903 1787 po·

95 1790 166 1861 tuit
188 1793 459 1890 praetermittere
482 1789 520 1860 de
542 1791 625 1860 Fato
646 1787 901 1863 uastationem.

94 1888 220 1962 Veluti
236 1890 276 1968 ¹de
289 1893 372 1965 Fato
384 1891 521 1985 stderoli
540 1888 675 1959 vitando
697 1914 719 1959 o
745 1913 784 1960 us
802 1913 901 1961 com·

92 1987 226 2088 posuit,
253 1988 349 2089 quod
364 1991 479 2088 primo
495 1987 575 2058 loco
597 1988 689 2086 inter
702 1914 810 2061 listros
829 1989 903 2085 ejus
1056 2046 1058 2051 .

91 2087 317 2189 astrologicos
353 2105 564 2186 comparet,
597 2085 766 2185 Lugduni
795 2095 901 2172 1629.

90 2191 126 2258 in
139 2209 174 2280 4.
195 2186 387 2287 sumptibus
409 2187 526 2280 Jocobi
541 2184 679 2259 Andreae
701 2183 738 2256 &
756 2186 901 2260 Mathiae

91 2286 188 2377 Prost
209 2286 332 2358 editos.
382 2284 542 2359 Eundem
572 2282 615 2357 ad
643 2282 901 2358 illustrissimum

93 2379 273 2454 Comitem
288 2383 503 2475 Brassacum,
528 2384 642 2481 Regis
657 2381 901 2459 Christianiffi·

91 2479 141 2550 mi
175 2478 216 2551 ad
248 2479 426 2560 summum,
444 2481 657 2555 Pontificem
689 2483 900 2575 Oratorem,

90 2576 273 2677 postquam
296 2579 492 2654 libertatem
514 2598 796 2675 recuperaverat,
819 2583 902 2651 Cen·
1021 2587 1023 2593 '

90 2693 192 2748 torem
204 2673 422 2770 iiomrstirum
435 2678 473 2746 de
487 2676 768 2768 Praedestinotione
783 2677 825 2756 ὅ
833 2681 902 2748 Re·

83 2778 295 2868 probatione,
317 2779 484 2864 Auxilir's,
508 2773 603 2851 libero
617 2774 766 2846 Arbitrio
781 2772 903 2847 adver-

89 2872 141 2944 sus
155 2871 522 2961 Pseudo-Thomistos
544 2869 740 2963 destinasse,
762 2897 807 2946 ex
829 2873 903 2995 ipso

89 2972 128 3041 de
141 2980 228 3042 retto
243 2975 382 3044 Ratione
388 2970 537 3066 studendi
550 2968 721 3042 discimus.
734 2972 802 3045 Sed
819 2998 903 3049 cum

89 3069 261 3167 posterior
274 3070 547 3171 Theologorum
565 3066 730 3142 Scholam
751 3069 903 3170 spesiet,

89 3169 194 3240 alium
216 3167 334 3240 locum
356 3165 511 3259 merito,
537 3167 641 3241 uteie
664 3193 706 3241 eo
728 3168 903 3266 dicamus,

89 3265 262 3363 postulat,
289 3271 348 3365 qui
368 3271 442 3368 jam
464 3271 555 3341 inter
578 3265 811 3388 Philosophos
824 3271 904 3346 Fati

88 3367 298 3466 interpretes
311 3365 495 3539 versamulrv.
548 3364 642 3464 Qrae
667 3390 752 3457 vero
775 3366 905 3540 suepint

519 3488 541 3539 2
851 3489 905 3543 ato
