2400 3960
364 218 677 311 Fn‘rt
772 224 776 233 '
872 219 922 327 87

85 462 95 473 «
166 421 284 509 Huic,
309 414 392 491 curn
407 417 562 506 viveret,
588 412 721 488 acerbae
737 413 817 484 cum

141 574 369 671 JOANNE·
393 569 647 646 BAPTISTA
681 563 906 642 MORINO

120 727 379 819 intercedebant
396 726 475 799 lites
488 724 527 799 &
540 721 631 824 pene
660 717 929 824 indiffolubilest

121 824 213 923 apud
228 851 304 917 nos,
319 827 372 898 uti
388 824 512 898 eodem
527 849 618 896 auno
633 820 854 917 mortalitatis
865 820 930 891 im·

30 980 33 994 ,
148 924 305 997 leverunt
315 924 423 1024 leges,
432 922 576 996 eandem
590 922 739 1021 implent
754 919 929 1020 paginam.

120 948 207 1111 Erat
236 1042 352 1095 autem
382 1025 563 1110 Marinus,
593 1019 930 1119 Francopolitanus,

123 1116 145 1191 ὲ
160 1113 452 1220 Bellejocensrbus
470 1119 560 1218 apud
570 1115 710 1210 Gallos,
724 1142 815 1191 anno
828 1113 932 1217 1583.

123 1237 231 1291 ortus.
275 1218 484 1291 Medicinae
521 1217 611 1292 rimo
645 1218 795 1292 studium
828 1240 934 1289 omne

122 1314 220 1388 suum
234 1315 433 1408 addixerat,
454 1244 685 1413 estldeeratque
699 1337 738 1390 ut
755 1317 791 1388 in
805 1339 844 1387 ea
856 1316 933 1387 Do·
996 1352 998 1356 Α

124 1411 230 1485 &oris
244 1414 350 1486 titulo
372 1435 573 1506 ornaretur,
590 1411 684 1489 'cum
697 1410 811 1486 subito
825 1413 934 1486 scien·

126 1514 187 1584 tiae
201 1511 458 1586 mathematicae
480 1538 523 1586 eo
544 1514 665 1587 ardore
687 1510 934 1604 incenderent,

126 1629 166 1683 ut
182 1609 242 1681 has
256 1611 394 1709 reliquis
409 1612 569 1686 omnibus
591 1610 778 1710 disciplinis
792 1609 934 1709 praefer·
1018 1607 1025 1622 ’

125 1732 164 1782 re
179 1733 252 1780 non
269 1708 455 1785 dubitaret.
483 1713 577 1810 Qae
597 1713 737 1811 quidem
752 1711 790 1786 iu
803 1706 936 1783 discen·

125 1808 173 1880 do
187 1805 331 1883 aviditas
345 1810 437 1883 haud
456 1808 594 1886 modice
608 1812 738 1901 crevit,
752 1808 936 1908 postquam

123 1906 301 1980 beneficio
316 1911 440 1983 Mariae
449 1913 604 1984 Mediceae
618 1904 936 2010 Reginae,Mathe·
973 1960 976 1967 .
1085 1927 1091 1940 ·

124 2025 257 2080 matum
281 2008 454 2082 Profeffor
476 2011 614 2109 Regius
634 2009 791 2083 Lutetiae
812 2031 938 2104 renun-

125 2107 230 2179 tiatus
246 2106 305 2180 est.
355 2108 455 2181 Tum
469 2111 563 2183 varia
578 2108 689 2182 edidit
711 2107 845 2207 ingenii
866 2129 938 2178 non

125 2205 251 2278 inculti
273 2229 530 2301 monumenta,
563 2209 793 2309 quae'partim
816 2207 853 2277 in
873 2229 938 2303 pu·

68 2337 70 2341 ·
125 2300 219 2376 blica
231 2304 309 2379 luce
326 2303 521 2400 versantur,
546 2311 673 2407 partim
688 2307 791 2381 tineis
804 2301 937 2377 blattis·

127 2423 196 2496 que
209 2401 372 2498 pabulum
394 2407 574 2504 praebent,
599 2428 659 2499 aut
674 2405 809 2480 fortaffe
826 2402 937 2475 seom-
971 2413 979 2426 '

127 2495 198 2569 bris
213 2501 346 2574 tunicas
360 2503 531 2576 dederunt
542 2506 708 2577 molestas.
726 2507 824 2576 Inter
837 2503 940 2596 hujus
992 2559 994 2564 .

126 2593 254 2695 scripta
277 2601 446 2674 anecdota
470 2604 664 2674 extiterunt
686 2600 765 2674 libri
793 2622 873 2671 111.
900 2600 938 2668 de

129 2695 288 2790 Concursu
295 2702 411 2788 primae
426 2696 538 2792 Causae
552 2724 621 2772 cum
633 2698 780 2794 secundis
793 2701 828 2768 in
841 2700 938 2782 auio,-

128 2795 240 2886 m‘bus,
266 2811 336 2866 tum
349 2798 571 2890 naturalibus,
596 2813 666 2868 tum
681 2810 939 2890 praeternatura-

127 2894 210 2966 libus
219 2925 233 2980 ς
261 2893 297 2966 id
313 2893 381 2986 est,
401 2891 497 2994 quod
512 2897 759 2970 Prouidentiam
773 2892 937 2968 dicimus:

127 2987 172 3061 de
187 3017 255 3090 qua
268 2995 361 3066 circa
381 3018 510 3068 annum
530 3005 636 3093 1650.

197 3147 411 3231 sumunt
444 3131 884 3242 nHuTonFoRTm,

74 3305 75 3308 ’
129 3301 210 3377 alias
224 3306 454 3403 Rhuderford,
481 3306 608 3382 librum
626 3305 833 3419 composuit.
851 3268 882 3362 b*
904 3272 905 3276 Ἰ
953 3355 955 3359 -

550 3407 580 3482 F
591 3429 630 3504 .4
873 3410 943 3486 Cui
1005 3438 1017 3447 ’

194 3502 214 3542 ⁴
236 3505 326 3584 uua,
343 3505 502 3566 taurana.
