2400 3960
328 242 382 349 n
456 227 1012 357 punition

324 416 395 502 fati
410 420 641 523 Campamllae,
656 428 693 498 in
707 423 795 497 Vita
807 428 879 525 jam
898 421 1060 521 exposuit
1076 425 1142 518 Cy·

319 535 474 623 prierius,
500 523 748 599 Amstelodami
770 545 875 624 1705.
890 527 924 594 in
940 524 975 597 8.
1019 522 1143 620 Triste

325 623 401 698 sant
434 624 695 724 intemperantis
728 623 861 723 ingenii
894 621 991 695 dedit
1019 644 1143 693 exem·

329 724 455 822 plum,
491 718 574 795 cinn
602 722 761 795 acumine
798 722 908 793 nimio
939 720 1144 820 pupugiffet

329 822 729 917 cucullatos,eorumque
743 819 934 911 calumnii,
946 844 986 893 ac
1004 816 1028 888 fi
1045 821 1145 890 Tur·

333 923 383 992 cis
397 917 518 992 urbem
532 919 568 992 ὅ(
582 922 751 1016 Regnum
768 917 1045 1015 Neapolitanum
1061 942 1145 1014 pro·

329 1016 411 1090 dere
425 1018 604 1112 volniffet‚
620 1018 656 1087 in
670 1017 807 1088 vincula
821 1016 1018 1117 conjestus‚
1031 1017 1147 1088 maxi·

329 1122 422 1187 main
435 1118 520 1188 vitae
533 1136 668 1215 partem
689 1115 779 1186 inter
794 1133 968 1188 tormenta
983 1113 1021 1188 ὃ(
1035 1126 1145 1189 vexa·

292 1211 300 1229 '
328 1214 442 1286 tiones
453 1212 597 1287 suorum
607 1214 692 1313 egit.

439 1401 649 1495 'HUGO
700 1409 1024 1486 GROTIUS

301 1598 305 1611 ⁵
333 1609 484 1725 Delphis
510 1635 524 1723 ¹.
531 1607 614 1709 583.
640 1628 738 1723 natus
767 1605 842 1702 est,
875 1630 973 1733 gatrc
999 1615 1147 1726 Cornelio

333 1712 465 1797 Grotzo,
490 1733 568 1781 vtro
584 1707 740 1799 Latine,
767 1707 896 1782 Graece
911 1709 948 1782 ὅ(
965 1710 1145 1784 Hebraicr?

332 1803 537 1878 doeiiffimo.
575 1808 861 1919 flagae-Comitis
872 1810 1006 1909 juvenis
1018 1807 1140 1880 admo-

333 1903 416 1977 dum
432 1904 543 1978 causon
564 1925 658 2005 egit,
685 1929 768 1978 mox
786 1905 815 1975 F
816 1906 874 1980 isci
890 1931 1006 1980 curam
1020 1929 1141 2006 gerere

330 2003 438 2103 juiius
454 2004 515 2077 est.
547 2002 735 2077 Crescente
749 2003 859 2095 fami,
885 2008 998 2079 crevit
1011 2005 1146 2099 honos,

335 2102 375 2176 ὃ(
388 2101 701 2176 Roterodamcnses
718 2101 810 2175 urbis
824 2107 1028 2198 Oratorem,
1039 2130 1147 2205 quern

335 2204 578 2295 Penstonarium
624 2222 781 2292 vocant,
820 2204 1013 2303 elegerunt.
1079 2205 1149 2278 Illo

336 2319 498 2396 tempore
526 2296 685 2399 Synodus
708 2300 931 2375 Dordracena
952 2301 1149 2377 doetrinam

337 2402 502 2490 Arminii,
517 2397 660 2470 celebris
674 2399 894 2494 Profefforis,
911 2421 988 2473 atro
1002 2401 1149 2476 notabat

335 2495 468 2595 lapillo,
479 2499 576 2598 cujus
588 2494 769 2572 sententiae
782 2499 916 2573 fulmen
928 2496 1012 2572 cirm
1027 2525 1153 2574 omnes

317 2598 413 2669 ‘illos
426 2616 581 2695 peteret,
608 2600 669 2698 qui
682 2596 828 2672 diversas
849 2599 869 2671 ri
892 2602 1057 2700 Principe
1072 2600 1149 2674 Au·

337 2697 432 2770 riaco
448 2697 483 2768 in
497 2695 697 2795 Republica
719 2714 900 2772 tuerentur
914 2717 1047 2795 partes,
1072 2697 1150 2797 spe·

335 2798 392 2869 cic
412 2795 642 2894 Religionis,
675 2816 746 2870 tam
763 2797 853 2870 bene
875 2797 990 2870 obium
1011 2797 1081 2890 est,
1107 2816 1150 2872 ut

336 2897 574 2969 Barneveldius
594 2893 744 2967 studium
759 2895 926 2970 libertatis
941 2899 1057 2997 capite
1074 2897 1149 2970 lue·

340 3012 421 3085 ret,
455 2995 586 3066 Grotius
605 2995 781 3093 perpetuis
806 2996 955 3069 vinculis
975 2995 1152 3069 addicere·

340 3111 408 3165 tur.
461 3095 513 3163 Ac
535 3091 660 3164 saeculo
691 3093 891 3192 eripnilient
927 3095 998 3168 hoc
1033 3097 1155 3168 lumen

341 3190 472 3282 invidi,
499 3190 623 3262 nisiex
640 3213 762 3263 eorum
778 3193 936 3268 manibus
951 3195 1031 3266 arci
1050 3194 1155 3268 libra·

343 3289 414 3381 riri,
428 3312 497 3388 opt
511 3290 649 3378 uxoris,
669 3289 783 3364 fuisset
799 3290 938 3391 elapsus.
964 3295 1064 3366 Tum
1081 3294 1157 3368 Lu·

346 3390 468 3462 tetiam
490 3388 622 3487 petiit,
648 3387 686 3464 &
706 3390 884 3492 Legatum
904 3393 954 3466 ibi
970 3393 1163 3565 Chlgssinae,

1046 3514 1165 3591 egmae
