<?xml version="1.0" encoding="UTF-8"?>
<!DOCTYPE html PUBLIC "-//W3C//DTD XHTML 1.0 Transitional//EN"
    "http://www.w3.org/TR/xhtml1/DTD/xhtml1-transitional.dtd">
<html xmlns="http://www.w3.org/1999/xhtml" xml:lang="en" lang="en">
 <head>
  <title>
</title>
<meta http-equiv="Content-Type" content="text/html;charset=utf-8" />
  <meta name='ocr-system' content='tesseract 3.04.00' />
  <meta name='ocr-capabilities' content='ocr_page ocr_carea ocr_par ocr_line ocrx_word'/>
</head>
<body>
  <div class='ocr_page' id='page_1' title='image "./theatrumfatisiv00arpegoog_0089.png"; bbox 0 0 2400 3960; ppageno 0'>
   <div class='ocr_carea' id='block_1_1' title="bbox 102 221 890 526">
    <p class='ocr_par' dir='ltr' id='par_1_1' title="bbox 102 221 890 526">
     <span class='ocr_line' id='line_1_1' title="bbox 174 221 890 340; baseline 0 -31"><span class='ocrx_word' id='word_1_1' title='bbox 174 231 252 338; x_wconf 46' lang='grc' dir='ltr'>,Ἀ</span> <span class='ocrx_word' id='word_1_2' title='bbox 332 221 890 340; x_wconf 79' lang='lat' dir='ltr'>THEATRUM</span> 
     </span>
     <span class='ocr_line' id='line_1_2' title="bbox 102 391 803 526; baseline -0.004 -30"><span class='ocrx_word' id='word_1_3' title='bbox 102 391 103 394; x_wconf 8' lang='grc' dir='ltr'><strong>Ἴ</strong></span> <span class='ocrx_word' id='word_1_4' title='bbox 243 420 335 518; x_wconf 79' lang='lat' dir='ltr'>Qus</span> <span class='ocrx_word' id='word_1_5' title='bbox 353 425 448 496; x_wconf 88' lang='lat' dir='ltr'>enim</span> <span class='ocrx_word' id='word_1_6' title='bbox 464 425 625 526; x_wconf 85' lang='lat' dir='ltr'>ignorat,</span> <span class='ocrx_word' id='word_1_7' title='bbox 801 410 803 416; x_wconf 41' lang='lat'><strong>⁴</strong></span> 
     </span>
    </p>
   </div>
   <div class='ocr_carea' id='block_1_2' title="bbox 213 568 1007 713">
    <p class='ocr_par' dir='ltr' id='par_1_2' title="bbox 213 568 1007 713">
     <span class='ocr_line' id='line_1_3' title="bbox 213 568 1007 713; baseline 0 -21"><span class='ocrx_word' id='word_1_8' title='bbox 213 568 556 695; x_wconf 73' lang='lat' dir='ltr'>cunuorurr</span> <span class='ocrx_word' id='word_1_9' title='bbox 606 615 1007 713; x_wconf 75' lang='lat' dir='ltr'>snuunsruur,</span> 
     </span>
    </p>
   </div>
   <div class='ocr_carea' id='block_1_3' title="bbox 193 788 1022 987">
    <p class='ocr_par' dir='ltr' id='par_1_3' title="bbox 193 788 1022 987">
     <span class='ocr_line' id='line_1_4' title="bbox 193 788 1022 987; baseline 0.001 -96"><span class='ocrx_word' id='word_1_10' title='bbox 193 788 445 891; x_wconf 89' lang='lat' dir='ltr'>Divionensem</span> <span class='ocrx_word' id='word_1_11' title='bbox 456 870 469 910; x_wconf 88' lang='lat'>,</span> <span class='ocrx_word' id='word_1_12' title='bbox 482 817 625 890; x_wconf 88' lang='lat' dir='ltr'>Gallum</span> <span class='ocrx_word' id='word_1_13' title='bbox 641 815 688 889; x_wconf 96' lang='lat' dir='ltr'>ob</span> <span class='ocrx_word' id='word_1_14' title='bbox 705 815 864 987; x_wconf 80' lang='lat' dir='ltr'>stupendi</span> <span class='ocrx_word' id='word_1_15' title='bbox 880 816 1022 915; x_wconf 86' lang='lat' dir='ltr'>ingenii</span> 
     </span>
    </p>
   </div>
   <div class='ocr_carea' id='block_1_4' title="bbox 35 912 1033 3571">
    <p class='ocr_par' dir='ltr' id='par_1_4' title="bbox 35 912 1033 3571">
     <span class='ocr_line' id='line_1_5' title="bbox 195 912 1021 1015; baseline 0.004 -29"><span class='ocrx_word' id='word_1_16' title='bbox 195 915 295 988; x_wconf 87' lang='lat' dir='ltr'>dotes</span> <span class='ocrx_word' id='word_1_17' title='bbox 310 914 330 988; x_wconf 70' lang='lat' dir='ltr'>al</span> <span class='ocrx_word' id='word_1_18' title='bbox 346 914 764 1015; x_wconf 85' lang='lat' dir='ltr'>prudentiffimisReipub</span> <span class='ocrx_word' id='word_1_19' title='bbox 779 916 844 987; x_wconf 81' lang='lat' dir='ltr'>icae</span> <span class='ocrx_word' id='word_1_20' title='bbox 856 912 1021 1014; x_wconf 83' lang='lat' dir='ltr'>Belgicae</span> 
     </span>
     <span class='ocr_line' id='line_1_6' title="bbox 193 1013 1020 1116; baseline 0.004 -30"><span class='ocrx_word' id='word_1_21' title='bbox 193 1015 407 1090; x_wconf 63' lang='lat' dir='ltr'>Redloribus</span> <span class='ocrx_word' id='word_1_22' title='bbox 420 1015 568 1116; x_wconf 90' lang='lat' dir='ltr'>dignum</span> <span class='ocrx_word' id='word_1_23' title='bbox 583 1015 648 1088; x_wconf 86' lang='lat' dir='ltr'>else</span> <span class='ocrx_word' id='word_1_24' title='bbox 663 1015 843 1106; x_wconf 84' lang='lat' dir='ltr'>habitum,</span> <span class='ocrx_word' id='word_1_25' title='bbox 860 1013 921 1111; x_wconf 92' lang='lat' dir='ltr'>qui</span> <span class='ocrx_word' id='word_1_26' title='bbox 936 1015 1020 1112; x_wconf 89' lang='lat' dir='ltr'>post</span> 
     </span>
     <span class='ocr_line' id='line_1_7' title="bbox 191 1111 1017 1215; baseline 0.005 -33"><span class='ocrx_word' id='word_1_27' title='bbox 191 1111 329 1186; x_wconf 92' lang='lat' dir='ltr'>obitum</span> <span class='ocrx_word' id='word_1_28' title='bbox 346 1117 464 1215; x_wconf 89' lang='lat' dir='ltr'>mag&#39;ni</span> <span class='ocrx_word' id='word_1_29' title='bbox 480 1117 635 1210; x_wconf 81' lang='lat' dir='ltr'>Scaligeri</span> <span class='ocrx_word' id='word_1_30' title='bbox 649 1111 849 1188; x_wconf 79' lang='lat' dir='ltr'>cathedram</span> <span class='ocrx_word' id='word_1_31' title='bbox 871 1112 945 1212; x_wconf 82' lang='lat' dir='ltr'>ejus</span> <span class='ocrx_word' id='word_1_32' title='bbox 961 1130 1017 1186; x_wconf 86' lang='lat' dir='ltr'>te·</span> 
     </span>
     <span class='ocr_line' id='line_1_8' title="bbox 56 1211 1016 1314; baseline 0.005 -33"><span class='ocrx_word' id='word_1_33' title='bbox 56 1302 58 1308; x_wconf 23' lang='grc' dir='ltr'>Ι</span> <span class='ocrx_word' id='word_1_34' title='bbox 192 1211 314 1284; x_wconf 83' lang='lat' dir='ltr'>neret?</span> <span class='ocrx_word' id='word_1_35' title='bbox 341 1215 459 1311; x_wconf 76' lang='lat' dir='ltr'>Hujus</span> <span class='ocrx_word' id='word_1_36' title='bbox 483 1211 577 1313; x_wconf 78' lang='lat' dir='ltr'>quod</span> <span class='ocrx_word' id='word_1_37' title='bbox 603 1213 753 1314; x_wconf 85' lang='lat' dir='ltr'>gloriam</span> <span class='ocrx_word' id='word_1_38' title='bbox 776 1237 844 1285; x_wconf 87' lang='lat' dir='ltr'>una</span> <span class='ocrx_word' id='word_1_39' title='bbox 858 1236 1016 1310; x_wconf 84' lang='lat' dir='ltr'>occupa-</span> 
     </span>
     <span class='ocr_line' id='line_1_9' title="bbox 191 1303 1015 1413; baseline 0.002 -30"><span class='ocrx_word' id='word_1_40' title='bbox 191 1311 311 1403; x_wconf 81' lang='lat' dir='ltr'>verit,</span> <span class='ocrx_word' id='word_1_41' title='bbox 344 1303 415 1413; x_wconf 81' lang='lat' dir='ltr'>ipse</span> <span class='ocrx_word' id='word_1_42' title='bbox 439 1312 501 1385; x_wconf 88' lang='lat' dir='ltr'>srbi</span> <span class='ocrx_word' id='word_1_43' title='bbox 523 1311 629 1385; x_wconf 90' lang='lat' dir='ltr'>debet</span> <span class='ocrx_word' id='word_1_44' title='bbox 657 1310 796 1411; x_wconf 84' lang='lat' dir='ltr'>suaeque</span> <span class='ocrx_word' id='word_1_45' title='bbox 818 1309 1015 1406; x_wconf 70' lang='lat' dir='ltr'>dostrinae,</span> 
     </span>
     <span class='ocr_line' id='line_1_10' title="bbox 192 1409 1015 1514; baseline 0.001 -30"><span class='ocrx_word' id='word_1_46' title='bbox 192 1435 272 1508; x_wconf 83' lang='lat' dir='ltr'>quae</span> <span class='ocrx_word' id='word_1_47' title='bbox 305 1413 343 1485; x_wconf 92' lang='lat' dir='ltr'>in</span> <span class='ocrx_word' id='word_1_48' title='bbox 372 1414 553 1514; x_wconf 79' lang='lat' dir='ltr'>variegato</span> <span class='ocrx_word' id='word_1_49' title='bbox 579 1411 640 1484; x_wconf 94' lang='lat' dir='ltr'>illo</span> <span class='ocrx_word' id='word_1_50' title='bbox 661 1411 875 1509; x_wconf 85' lang='lat' dir='ltr'>Philologiae</span> <span class='ocrx_word' id='word_1_51' title='bbox 897 1409 1015 1485; x_wconf 88' lang='lat' dir='ltr'>studio</span> 
     </span>
     <span class='ocr_line' id='line_1_11' title="bbox 92 1509 1014 1610; baseline 0.004 -29"><span class='ocrx_word' id='word_1_52' title='bbox 92 1537 94 1542; x_wconf 57' lang='lat'><strong><em>¹</em></strong></span> <span class='ocrx_word' id='word_1_53' title='bbox 192 1509 263 1582; x_wconf 78' lang='lat' dir='ltr'>stne</span> <span class='ocrx_word' id='word_1_54' title='bbox 283 1512 413 1586; x_wconf 90' lang='lat' dir='ltr'>aemulo</span> <span class='ocrx_word' id='word_1_55' title='bbox 429 1510 689 1609; x_wconf 80' lang='lat' dir='ltr'>praeeminebat.</span> <span class='ocrx_word' id='word_1_56' title='bbox 738 1511 897 1584; x_wconf 89' lang='lat' dir='ltr'>Unicum</span> <span class='ocrx_word' id='word_1_57' title='bbox 924 1535 1014 1610; x_wconf 90' lang='lat' dir='ltr'>opus</span> 
     </span>
     <span class='ocr_line' id='line_1_12' title="bbox 190 1610 1013 1701; baseline -0.001 -19"><span class='ocrx_word' id='word_1_58' title='bbox 190 1612 472 1684; x_wconf 69' lang='lat' dir='ltr'>Exercitationem</span> <span class='ocrx_word' id='word_1_59' title='bbox 501 1615 733 1685; x_wconf 75' lang='lat' dir='ltr'>Plinianarum</span> <span class='ocrx_word' id='word_1_60' title='bbox 765 1610 811 1682; x_wconf 82' lang='lat' dir='ltr'>ad</span> <span class='ocrx_word' id='word_1_61' title='bbox 839 1610 1013 1701; x_wconf 64' lang='lat' dir='ltr'>Soranum,</span> 
     </span>
     <span class='ocr_line' id='line_1_13' title="bbox 190 1707 1013 1809; baseline 0.004 -29"><span class='ocrx_word' id='word_1_62' title='bbox 190 1732 237 1780; x_wconf 91' lang='lat' dir='ltr'>ne</span> <span class='ocrx_word' id='word_1_63' title='bbox 250 1707 294 1782; x_wconf 91' lang='lat' dir='ltr'>de</span> <span class='ocrx_word' id='word_1_64' title='bbox 312 1711 451 1809; x_wconf 88' lang='lat' dir='ltr'>reliquis</span> <span class='ocrx_word' id='word_1_65' title='bbox 471 1710 542 1783; x_wconf 91' lang='lat' dir='ltr'>sum</span> <span class='ocrx_word' id='word_1_66' title='bbox 559 1708 747 1801; x_wconf 84' lang='lat' dir='ltr'>sollicitus,</span> <span class='ocrx_word' id='word_1_67' title='bbox 773 1707 1013 1807; x_wconf 82' lang='lat' dir='ltr'>irrefragabile</span> 
     </span>
     <span class='ocr_line' id='line_1_14' title="bbox 189 1805 1013 1901; baseline 0.007 -25"><span class='ocrx_word' id='word_1_68' title='bbox 189 1805 287 1880; x_wconf 87' lang='lat' dir='ltr'>dabit</span> <span class='ocrx_word' id='word_1_69' title='bbox 317 1808 593 1901; x_wconf 81' lang='lat' dir='ltr'>testimonium,</span> <span class='ocrx_word' id='word_1_70' title='bbox 633 1808 874 1881; x_wconf 83' lang='lat' dir='ltr'>inexhaustam</span> <span class='ocrx_word' id='word_1_71' title='bbox 911 1806 1013 1882; x_wconf 80' lang='lat' dir='ltr'>fuisse</span> 
     </span>
     <span class='ocr_line' id='line_1_15' title="bbox 190 1903 1009 2009; baseline 0.005 -33"><span class='ocrx_word' id='word_1_72' title='bbox 190 1903 294 2005; x_wconf 85' lang='lat' dir='ltr'>hujus</span> <span class='ocrx_word' id='word_1_73' title='bbox 308 1908 375 1980; x_wconf 83' lang='lat' dir='ltr'>viri</span> <span class='ocrx_word' id='word_1_74' title='bbox 390 1907 610 2009; x_wconf 79' lang='lat' dir='ltr'>diligentiam</span> <span class='ocrx_word' id='word_1_75' title='bbox 621 1905 793 1982; x_wconf 72' lang='lat' dir='ltr'>&amp;uastam</span> <span class='ocrx_word' id='word_1_76' title='bbox 809 1906 1009 1981; x_wconf 66' lang='lat' dir='ltr'>lectionem.</span> 
     </span>
     <span class='ocr_line' id='line_1_16' title="bbox 192 2002 1011 2106; baseline 0.006 -31"><span class='ocrx_word' id='word_1_77' title='bbox 192 2002 292 2078; x_wconf 88' lang='lat' dir='ltr'>Idem</span> <span class='ocrx_word' id='word_1_78' title='bbox 315 2006 507 2104; x_wconf 84' lang='lat' dir='ltr'>loquuntur</span> <span class='ocrx_word' id='word_1_79' title='bbox 536 2007 668 2106; x_wconf 87' lang='lat' dir='ltr'>reliqua</span> <span class='ocrx_word' id='word_1_80' title='bbox 695 2008 895 2106; x_wconf 82' lang='lat' dir='ltr'>permulta,</span> <span class='ocrx_word' id='word_1_81' title='bbox 929 2028 1011 2104; x_wconf 85' lang='lat' dir='ltr'>quae</span> 
     </span>
     <span class='ocr_line' id='line_1_17' title="bbox 191 2103 1010 2204; baseline 0.004 -29"><span class='ocrx_word' id='word_1_82' title='bbox 191 2103 390 2202; x_wconf 88' lang='lat' dir='ltr'>composuit</span> <span class='ocrx_word' id='word_1_83' title='bbox 415 2131 548 2203; x_wconf 87' lang='lat' dir='ltr'>opera,</span> <span class='ocrx_word' id='word_1_84' title='bbox 574 2109 702 2204; x_wconf 81' lang='lat' dir='ltr'>partim</span> <span class='ocrx_word' id='word_1_85' title='bbox 731 2105 841 2204; x_wconf 87' lang='lat' dir='ltr'>praelo</span> <span class='ocrx_word' id='word_1_86' title='bbox 863 2105 1010 2197; x_wconf 85' lang='lat' dir='ltr'>excusa,</span> 
     </span>
     <span class='ocr_line' id='line_1_18' title="bbox 190 2203 1010 2304; baseline 0.002 -30"><span class='ocrx_word' id='word_1_87' title='bbox 190 2208 319 2304; x_wconf 84' lang='lat' dir='ltr'>partim</span> <span class='ocrx_word' id='word_1_88' title='bbox 348 2203 559 2302; x_wconf 87' lang='lat' dir='ltr'>nescioquo</span> <span class='ocrx_word' id='word_1_89' title='bbox 586 2204 679 2277; x_wconf 87' lang='lat' dir='ltr'>orbis</span> <span class='ocrx_word' id='word_1_90' title='bbox 709 2206 747 2276; x_wconf 91' lang='lat' dir='ltr'>in</span> <span class='ocrx_word' id='word_1_91' title='bbox 768 2204 899 2304; x_wconf 86' lang='lat' dir='ltr'>angulo</span> <span class='ocrx_word' id='word_1_92' title='bbox 921 2203 1010 2276; x_wconf 83' lang='lat' dir='ltr'>deli-</span> 
     </span>
     <span class='ocr_line' id='line_1_19' title="bbox 188 2299 1010 2379; baseline 0.006 -8"><span class='ocrx_word' id='word_1_93' title='bbox 188 2299 365 2379; x_wconf 83' lang='lat' dir='ltr'>tescentia.</span> <span class='ocrx_word' id='word_1_94' title='bbox 414 2304 602 2379; x_wconf 86' lang='lat' dir='ltr'>Posteriori</span> <span class='ocrx_word' id='word_1_95' title='bbox 635 2304 772 2378; x_wconf 87' lang='lat' dir='ltr'>accedit</span> <span class='ocrx_word' id='word_1_96' title='bbox 800 2304 915 2376; x_wconf 88' lang='lat' dir='ltr'>ordini</span> <span class='ocrx_word' id='word_1_97' title='bbox 939 2322 1010 2377; x_wconf 82' lang='lat' dir='ltr'>tra·</span> 
     </span>
     <span class='ocr_line' id='line_1_20' title="bbox 155 2394 1009 2503; baseline 0.006 -34"><span class='ocrx_word' id='word_1_98' title='bbox 155 2487 158 2492; x_wconf 85' lang='lat'>.</span> <span class='ocrx_word' id='word_1_99' title='bbox 188 2394 300 2474; x_wconf 70' lang='lat' dir='ltr'>uatus</span> <span class='ocrx_word' id='word_1_100' title='bbox 321 2405 477 2496; x_wconf 61' lang='lat' dir='ltr'>deflata,</span> <span class='ocrx_word' id='word_1_101' title='bbox 498 2406 597 2502; x_wconf 90' lang='lat' dir='ltr'>cujus</span> <span class='ocrx_word' id='word_1_102' title='bbox 619 2402 690 2503; x_wconf 87' lang='lat' dir='ltr'>ipse</span> <span class='ocrx_word' id='word_1_103' title='bbox 707 2404 869 2476; x_wconf 87' lang='lat' dir='ltr'>meminit</span> <span class='ocrx_word' id='word_1_104' title='bbox 885 2403 921 2476; x_wconf 91' lang='lat' dir='ltr'>in</span> <span class='ocrx_word' id='word_1_105' title='bbox 935 2400 1009 2475; x_wconf 83' lang='lat' dir='ltr'>fine</span> 
     </span>
     <span class='ocr_line' id='line_1_21' title="bbox 188 2499 1005 2578; baseline 0.001 -8"><span class='ocrx_word' id='word_1_106' title='bbox 188 2499 357 2573; x_wconf 81' lang='lat' dir='ltr'>Diatribae</span> <span class='ocrx_word' id='word_1_107' title='bbox 370 2506 409 2576; x_wconf 87' lang='lat' dir='ltr'>de</span> <span class='ocrx_word' id='word_1_108' title='bbox 417 2511 522 2578; x_wconf 77' lang='lat' dir='ltr'><em>Annis</em></span> <span class='ocrx_word' id='word_1_109' title='bbox 538 2504 767 2577; x_wconf 63' lang='lat' dir='ltr'>Climarlrricis</span> <span class='ocrx_word' id='word_1_110' title='bbox 776 2530 788 2576; x_wconf 89' lang='lat'><em>:</em></span> <span class='ocrx_word' id='word_1_111' title='bbox 803 2501 836 2574; x_wconf 89' lang='lat' dir='ltr'>se</span> <span class='ocrx_word' id='word_1_112' title='bbox 850 2522 931 2577; x_wconf 85' lang='lat' dir='ltr'>ante</span> <span class='ocrx_word' id='word_1_113' title='bbox 945 2522 1005 2572; x_wconf 64' lang='lat' dir='ltr'>an*</span> 
     </span>
     <span class='ocr_line' id='line_1_22' title="bbox 35 2598 1003 2706; baseline 0.001 -36"><span class='ocrx_word' id='word_1_114' title='bbox 35 2683 39 2691; x_wconf 22' lang='lat'>⁸</span> <span class='ocrx_word' id='word_1_115' title='bbox 173 2622 253 2698; x_wconf 76' lang='lat' dir='ltr'>¹nos</span> <span class='ocrx_word' id='word_1_116' title='bbox 274 2601 460 2676; x_wconf 89' lang='lat' dir='ltr'>duodecim</span> <span class='ocrx_word' id='word_1_117' title='bbox 479 2609 552 2706; x_wconf 82' lang='lat' dir='ltr'>jam</span> <span class='ocrx_word' id='word_1_118' title='bbox 575 2603 803 2697; x_wconf 74' lang='lat' dir='ltr'>confectum,</span> <span class='ocrx_word' id='word_1_119' title='bbox 830 2603 868 2675; x_wconf 72' lang='grc' dir='ltr'>ὃ(</span> <span class='ocrx_word' id='word_1_120' title='bbox 894 2598 1003 2701; x_wconf 83' lang='lat' dir='ltr'>praelo&#39;</span> 
     </span>
     <span class='ocr_line' id='line_1_23' title="bbox 188 2700 1004 2802; baseline -0.001 -32"><span class='ocrx_word' id='word_1_121' title='bbox 188 2720 348 2796; x_wconf 88' lang='lat' dir='ltr'>paratum</span> <span class='ocrx_word' id='word_1_122' title='bbox 372 2704 499 2778; x_wconf 86' lang='lat' dir='ltr'>habere</span> <span class='ocrx_word' id='word_1_123' title='bbox 521 2704 689 2777; x_wconf 87' lang='lat' dir='ltr'>volumen</span> <span class='ocrx_word' id='word_1_124' title='bbox 711 2701 790 2776; x_wconf 81' lang='lat' dir='ltr'>satis</span> <span class='ocrx_word' id='word_1_125' title='bbox 811 2700 940 2802; x_wconf 85' lang='lat' dir='ltr'>grande</span> <span class='ocrx_word' id='word_1_126' title='bbox 964 2702 1004 2771; x_wconf 80' lang='lat' dir='ltr'>da</span> 
     </span>
     <span class='ocr_line' id='line_1_24' title="bbox 190 2797 1002 2898; baseline 0.005 -29"><span class='ocrx_word' id='word_1_127' title='bbox 190 2797 334 2874; x_wconf 80' lang='lat' dir='ltr'>Termino</span> <span class='ocrx_word' id='word_1_128' title='bbox 349 2806 389 2876; x_wconf 89' lang='lat' dir='ltr'><em>V</em></span> <span class='ocrx_word' id='word_1_129' title='bbox 384 2810 459 2895; x_wconf 88' lang='lat' dir='ltr'>itae,</span> <span class='ocrx_word' id='word_1_130' title='bbox 474 2803 788 2898; x_wconf 80' lang='lat' dir='ltr'>utrumfatalisstt,</span> <span class='ocrx_word' id='word_1_131' title='bbox 803 2822 845 2874; x_wconf 73' lang='lat' dir='ltr'>an</span> <span class='ocrx_word' id='word_1_132' title='bbox 858 2802 1002 2892; x_wconf 78' lang='lat' dir='ltr'>mobilis,</span> 
     </span>
     <span class='ocr_line' id='line_1_25' title="bbox 188 2901 1006 2998; baseline 0.007 -31"><span class='ocrx_word' id='word_1_133' title='bbox 188 2919 264 2968; x_wconf 81' lang='lat' dir='ltr'>num</span> <span class='ocrx_word' id='word_1_134' title='bbox 278 2905 332 2971; x_wconf 82' lang='lat' dir='ltr'>ille</span> <span class='ocrx_word' id='word_1_135' title='bbox 345 2906 456 2998; x_wconf 76' lang='lat' dir='ltr'>aliqud</span> <span class='ocrx_word' id='word_1_136' title='bbox 467 2907 522 2976; x_wconf 86' lang='lat' dir='ltr'>vel</span> <span class='ocrx_word' id='word_1_137' title='bbox 533 2904 624 2975; x_wconf 68' lang='lat' dir='ltr'>nullas</span> <span class='ocrx_word' id='word_1_138' title='bbox 640 2909 766 2996; x_wconf 79' lang='lat' dir='ltr'>artestr</span> <span class='ocrx_word' id='word_1_139' title='bbox 775 2901 1006 2998; x_wconf 72' lang='lat' dir='ltr'>prorogandas,</span> 
     </span>
     <span class='ocr_line' id='line_1_26' title="bbox 187 2997 1008 3098; baseline 0.011 -33"><span class='ocrx_word' id='word_1_140' title='bbox 187 2997 369 3070; x_wconf 74' lang='lat' dir='ltr'>occasione</span> <span class='ocrx_word' id='word_1_141' title='bbox 384 3002 583 3098; x_wconf 83' lang='lat' dir='ltr'>quaestionis</span> <span class='ocrx_word' id='word_1_142' title='bbox 598 2998 617 3071; x_wconf 72' lang='lat' dir='ltr'>a</span> <span class='ocrx_word' id='word_1_143' title='bbox 632 3003 863 3092; x_wconf 82' lang='lat' dir='ltr'>Bevrrovicia‚</span> <span class='ocrx_word' id='word_1_144' title='bbox 886 2999 1008 3074; x_wconf 79' lang='lat' dir='ltr'>Medi·</span> 
     </span>
     <span class='ocr_line' id='line_1_27' title="bbox 101 3097 1009 3197; baseline 0.007 -32"><span class='ocrx_word' id='word_1_145' title='bbox 101 3183 103 3189; x_wconf 28' lang='grc' dir='ltr'>Ι</span> <span class='ocrx_word' id='word_1_146' title='bbox 187 3114 323 3168; x_wconf 89' lang='lat' dir='ltr'>cotum</span> <span class='ocrx_word' id='word_1_147' title='bbox 340 3103 508 3197; x_wconf 85' lang='lat' dir='ltr'>temporis</span> <span class='ocrx_word' id='word_1_148' title='bbox 529 3100 594 3172; x_wconf 87' lang='lat' dir='ltr'>hac</span> <span class='ocrx_word' id='word_1_149' title='bbox 610 3099 849 3172; x_wconf 72' lang='lat' dir='ltr'>controuersrd</span> <span class='ocrx_word' id='word_1_150' title='bbox 863 3097 1009 3192; x_wconf 84' lang='lat' dir='ltr'>celebri,</span> 
     </span>
     <span class='ocr_line' id='line_1_28' title="bbox 189 3191 1010 3295; baseline 0.011 -32"><span class='ocrx_word' id='word_1_151' title='bbox 189 3191 252 3264; x_wconf 88' lang='lat' dir='ltr'>srbi</span> <span class='ocrx_word' id='word_1_152' title='bbox 272 3197 483 3294; x_wconf 80' lang='lat' dir='ltr'>propositae,</span> <span class='ocrx_word' id='word_1_153' title='bbox 510 3198 761 3295; x_wconf 91' lang='lat' dir='ltr'>conscriptum.</span> <span class='ocrx_word' id='word_1_154' title='bbox 803 3199 916 3272; x_wconf 75' lang='lat' dir='ltr'>Extat</span> <span class='ocrx_word' id='word_1_155' title='bbox 930 3197 1010 3272; x_wconf 76' lang='lat' dir='ltr'>sane</span> 
     </span>
     <span class='ocr_line' id='line_1_29' title="bbox 188 3290 1033 3392; baseline 0.011 -30"><span class='ocrx_word' id='word_1_156' title='bbox 188 3290 309 3364; x_wconf 84' lang='lat' dir='ltr'>dehac</span> <span class='ocrx_word' id='word_1_157' title='bbox 326 3295 562 3369; x_wconf 85' lang='lat' dir='ltr'>controversra</span> <span class='ocrx_word' id='word_1_158' title='bbox 579 3296 735 3392; x_wconf 87' lang='lat' dir='ltr'>Epistola</span> <span class='ocrx_word' id='word_1_159' title='bbox 744 3299 953 3371; x_wconf 82' lang='lat' dir='ltr'>Beverovicii</span> <span class='ocrx_word' id='word_1_160' title='bbox 965 3297 1009 3371; x_wconf 87' lang='lat' dir='ltr'>ad</span> <span class='ocrx_word' id='word_1_161' title='bbox 1027 3374 1033 3383; x_wconf 73' lang='grc'>,</span> 
     </span>
     <span class='ocr_line' id='line_1_30' title="bbox 168 3390 1016 3508; baseline 0.001 -44"><span class='ocrx_word' id='word_1_162' title='bbox 168 3442 171 3451; x_wconf 78' lang='lat'><em>,</em></span> <span class='ocrx_word' id='word_1_163' title='bbox 190 3391 382 3488; x_wconf 77' lang='lat' dir='ltr'>Salmastum</span> <span class='ocrx_word' id='word_1_164' title='bbox 398 3420 480 3468; x_wconf 92' lang='lat' dir='ltr'>cum</span> <span class='ocrx_word' id='word_1_165' title='bbox 495 3393 654 3496; x_wconf 90' lang='lat' dir='ltr'>responso</span> <span class='ocrx_word' id='word_1_166' title='bbox 670 3400 758 3496; x_wconf 85' lang='lat' dir='ltr'>ejus,</span> <span class='ocrx_word' id='word_1_167' title='bbox 768 3396 852 3471; x_wconf 90' lang='lat' dir='ltr'>dum</span> <span class='ocrx_word' id='word_1_168' title='bbox 874 3419 961 3508; x_wconf 84' lang='lat' dir='ltr'>opus</span> <span class='ocrx_word' id='word_1_169' title='bbox 975 3390 1016 3506; x_wconf 76' lang='lat' dir='ltr'>er‘</span> 
     </span>
     <span class='ocr_line' id='line_1_31' title="bbox 896 3510 1012 3571; baseline -0.043 0"><span class='ocrx_word' id='word_1_170' title='bbox 896 3510 1012 3571; x_wconf 83' lang='lat' dir='ltr'>mrttrt</span> 
     </span>
    </p>
   </div>
   <div class='ocr_carea' id='block_1_5' title="bbox 0 0 1204 3960">
    <p class='ocr_par' dir='ltr' id='par_1_5' title="bbox 0 0 1204 3960">
     <span class='ocr_line' id='line_1_32' title="bbox 0 0 1204 3960; baseline 0 3"><span class='ocrx_word' id='word_1_171' title='bbox 0 0 1204 3960; x_wconf 95' lang='lat' dir='ltr'> </span> 
     </span>
    </p>
   </div>
  </div>
 </body>
</html>
