2400 3960
219 208 906 328 92THEATRUM

217 423 322 479 cante
350 430 456 480 manu
477 403 714 505 prodierunt3
747 400 804 475 sed
827 400 935 477 exsan
993 409 1002 425 ⁰
1026 461 1039 503 ,

217 502 256 575 &
267 529 346 602 quae
359 508 420 580 vix
435 523 613 603 parentem
628 501 792 575 referunt.
827 502 874 614 Iu
888 528 941 615 pu
968 506 1039 582 lico

216 602 333 695 lustu,
353 600 449 703 quiod
471 627 553 675 cum
565 604 717 702 egregiis
729 599 865 699 scriptrs
887 621 941 676 ota
954 626 1037 779 εῖτ

216 703 355 794 Fatum,
371 704 408 775 in
422 722 577 776 mentem
591 700 738 775 redeunt
752 703 892 775 Horatii
905 726 971 775 ver

261 912 320 962 Cur
342 903 383 962 bis
403 904 502 962 artioris
523 900 663 961 incolumes
684 919 737 957 uon
759 898 871 957 redeunt
888 919 981 976 gena?

212 1081 287 1172 vel,
313 1103 353 1156 ut
368 1087 499 1157 Plinius
513 1079 709 1155 Secundus:
725 1083 748 1128 ⁸*
761 1081 879 1173 Mihi,
894 1082 1024 1184 inquit,

210 1180 341 1253 uidetur
368 1184 482 1254 acerba
509 1180 636 1276 semper
664 1180 704 1260 {9'
734 1184 912 1252 immatura
943 1208 1025 1259 mors

209 1304 336 1370 eorum,
358 1287 414 1376 qui
425 1284 605 1354 immortale
618 1279 744 1374 aliquid
755 1296 892 1372 parant.
928 1285 1022 1357 Nam

184 1460 190 1472 ‚
208 1382 265 1473 qui
279 1383 496 1474 voluptatibus
510 1378 622 1467 dediti,
637 1384 726 1472 quast
740 1382 774 1449 iu
788 1378 871 1450 diem
886 1384 1021 1475 vivunt,

207 1481 343 1551 vivendi
368 1479 478 1576 causas
505 1477 643 1573 quotidie
659 1477 797 1570 finiunt.
845 1481 923 1583 Qui
948 1485 1022 1554 veri

199 1578 338 1670 polluros
358 1584 515 1676 cogitant,
541 1576 583 1656 ὅ
604 1581 788 1649 memoriam
800 1575 858 1669 sui
879 1582 1021 1672 operibus

205 1678 399 1768 extendunt,
424 1679 476 1749 his
489 1680 578 1748 nulla
591 1699 676 1746 mors
696 1701 756 1748 uon
775 1682 943 1771 repentina
954 1680 1016 1773 est,

204 1788 243 1841 ut
256 1775 456 1869 quaesempor
468 1776 651 1846 inchoatum
663 1773 790 1870 aliquid
805 1778 985 1871 abrumpat.

257 1969 436 2070 Upersunt
450 1973 582 2072 plures,
608 1995 696 2070 quos
711 1970 841 2045 referre
863 1972 1009 2072 poffem,

271 2071 326 2144 sed
346 2096 452 2169 parco
467 2070 593 2162 sciens,
620 2096 664 2142 ne
681 2074 868 2144 immemor
883 2098 1011 2172 propo·

199 2169 275 2261 fiti,
291 2171 458 2271 Epistolae
480 2169 661 2242 modulum
677 2167 925 2270 transgrediar,
952 2174 1011 2271 qui
1065 2228 1067 2235 -

196 2266 264 2339 hac
296 2268 339 2340 de
371 2267 494 2359 causa,
527 2270 723 2366 proecipuos
754 2271 873 2369 potius
906 2270 1010 2370 quim

196 2389 317 2439 omnes
345 2368 423 2437 mei
444 2370 602 2440 oratione
624 2366 825 2466 prosecutus
846 2367 919 2442 sum
936 2373 1009 2443 Au·

170 2482 300 2544 .tores.
351 2464 516 2538 Scholum
538 2463 622 2538 verb
647 2468 922 2637 Theolofforum
947 2473 1010 2544 vix

195 2566 320 2664 attigi,
335 2589 414 2664 quae
430 2567 573 2639 alteram
589 2586 723 2665 partem
737 2592 784 2639 no
816 2590 863 2637 rae
875 2567 1008 2643 Differ·

194 2666 335 2737 tationis
356 2662 629 2738 commodiffimi.
653 2664 816 2739 traderet.
858 2667 914 2739 Ac
928 2665 1006 2741 sani

193 2764 433 2864 Scriptorum,
448 2766 509 2864 qui
521 2767 559 2836 de
572 2763 782 2860 Praefoieutia
793 2765 874 2856 Dei,
889 2764 928 2837 &
942 2768 1007 2839 Sa·

84 2862 90 2873 '
184 2867 312 2955 pientia
325 2865 487 2953 humana,
511 2866 794 2958 Prudostiuatioue
816 2861 858 2942 &
880 2866 1006 2958 Repro-

189 2962 333 3051 botiouo‚
359 2965 456 3035 libero
470 2964 603 3034 hominis
616 2963 786 3053 Arbitrio,
809 2960 1006 3058 Diviuaque

190 3061 311 3143 Gratia
325 3060 576 3152 disseruerunt,

431 3236 521 3286 Tanta
543 3226 666 3285 abundat
687 3228 776 3304 copia,

261 3309 359 3368 Labori
378 3326 410 3368 ut
423 3311 505 3384 saber
525 3309 607 3387 defit,
629 3330 682 3367 uon
695 3308 778 3384 fabro
799 3306 882 3369 labor.

544 3503 547 3511 ¹
894 3417 1001 3493 Cele-

224 3514 244 3553 *
266 3520 398 3578 Ptouiio.
414 3517 528 3600 ,Epist
544 3539 567 3598 ς.
