2400 3960
332 219 381 303 16
452 211 1019 311 THEATRUM
1177 229 1180 235 ’

325 435 432 584 tro
446 409 927 620 &tricastrino
941 411 1143 614 orooro

331 614 439 710 170'0.
457 616 492 682 in
506 634 542 704 4.
558 609 595 682 ὅ(
611 618 695 682 eum'
709 607 814 708 ipsrus
829 607 1054 685 Bibliotheca
1069 613 1140 688 La·

323 711 418 803 tina,
444 709 729 811 Londini1703.
748 713 783 781 in
798 704 833 782 8.

372 883 483 984 Qtod

369 1040 1016 1138 ,JAMBILICHUM

320 1218 469 1312 attinet,
495 1238 595 1293 natus
608 1220 666 1293 ille
681 1217 871 1311 Chalcide,
898 1219 1133 1322 Celo-Syriae

319 1316 406 1390 urbe
419 1319 571 1413 celebri,
586 1322 698 1418 prima
712 1319 891 1392 literarum
906 1317 1134 1417 &sapientiae

318 1415 544 1493 fundamenta
567 1417 629 1492 sub
653 1423 805 1491 Anatolio
833 1416 986 1503 didicit3
1014 1417 1136 1516 posted

318 1517 540 1591 institutione
561 1516 599 1591 ὅ(
619 1516 800 1616 ὃίίεὶρὶίηᾶ
814 1516 992 1610 Porphyrii
1015 1536 1133 1594 tantus

317 1615 357 1686 in
382 1617 608 1716 Philosophia
635 1616 770 1708 evasrt,
810 1634 957 1714 quantus
990 1613 1132 1694 suorum

317 1731 519 1811 temporum
535 1713 714 1814 quispiam.
741 1711 823 1788 Imo
836 1710 922 1789 vero
935 1714 1132 1885 Pythpgorae

317 1809 355 1883 &
370 1815 521 1886 Platonis
542 1833 696 1886 mentem
717 1815 894 1888 neminem
915 1809 1019 1911 ipsor
1075 1813 1130 1888 ius

313 1912 465 1985 calluisse
491 1914 611 1988 multis
634 1911 825 2012 persuasum
850 1911 912 1985 est.
960 1911 1131 1988 Praeclara

313 2010 426 2110 igitur
439 2009 518 2086 sunt
540 2011 645 2112 ipsrus
667 2012 801 2112 ingenii
816 2028 1065 2104 monumenta,
1091 2012 1130 2086 &

312 2111 494 2210 praecipue
512 2137 600 2210 opus
613 2109 797 2184 reconditd
810 2109 1008 2183 eruditione
1022 2110 1130 2185 reser-

311 2227 401 2282 tum.
452 2212 509 2283 De
532 2211 697 2304 Mysteriis
710 2209 966 2304 AEgyptiorum,
993 2211 1031 2282 in
1056 2236 1129 2309 quo

310 2309 528 2402 Porphyrium
543 2309 650 2409 fingit
663 2307 707 2381 ab
723 2309 919 2381 Abomrnone
936 2308 1129 2385 Sacerdote

307 2407 402 2506 apud
415 2410 611 2510 AEgyptios
624 2407 753 2497 multa,
775 2429 844 2500 quae
866 2407 912 2478 ad
924 2408 1057 2500 Deum,
1082 2413 1130 2482 od

308 2513 475 2605 Angelos,
507 2512 555 2582 ad
585 2508 784 2597 Daemones,
816 2507 862 2580 od
889 2510 1056 2599 Animos,
1082 2510 1131 2579 ad

309 2607 581 2704 Providentiam,
605 2609 653 2681 ad
666 2611 806 2699 Fatum,
831 2606 878 2678 od
889 2631 993 2680 omnes
1007 2608 1122 2679 Philo·

297 2706 424 2804 sophiae
441 2727 556 2805 partes
567 2709 737 2807 speciant,
765 2703 967 2808 quaesrvilse.

264 2823 269 2833 ’
354 2810 423 2881 His
439 2808 625 2911 respondet
646 2808 865 2904 Jambilichus
885 2801 944 2876 sub
959 2801 1123 2876 Anebonis

301 2907 468 3004 persona,
489 2908 649 3008 discipuli
669 2909 898 2994 Abommonis,
922 2899 959 2972 &
980 2900 1122 2997 prolixe

303 3004 488 3079 sententias
510 3011 736 3107 antiquorum
760 3000 1055 3101 Philosophorum
1078 3000 1123 3074 de

304 3103 358 3175 his
373 3104 549 3202 producit.
591 3105 768 3201 Porphyrii
782 3101 998 3204 Epistolam,
1012 3122 1122 3199 quan-

303 3220 382 3274 tum
405 3227 449 3276 ex
471 3230 511 3277 ea
538 3203 716 3305 superest,
734 3200 922 3276 servarunt
943 3197 1121 3294 Eusebius,

303 3298 536 3395 theodoretus,
558 3303 765 3400 Augustinus.
792 3296 1011 3395 'Jombilichi
1031 3323 1122 3395 opus

301 3403 434 3500 primus
467 3401 597 3493 Graece
627 3402 665 3478 &
694 3397 806 3478 nitide
836 3394 950 3474 edidit
983 3391 1123 3570 ThGorpas
