2400 3960
195 225 245 311 m
323 201 874 311 Theatrum

194 417 260 489 otii
276 415 340 518 ipsi
355 437 429 490 erat
445 417 553 491 literis
576 413 792 514 impenderet
808 403 829 506 ,'
855 404 1007 513 plurima

193 517 327 614 ingenii
349 514 546 614 composuit
566 532 814 603 monumenta,
840 537 921 610 quae
935 512 1007 586 uni

195 613 420 712 prodierunt,
446 612 614 712 Lugduni
633 609 737 709 1658.
743 611 807 706 fol.
822 611 929 684 tomis
943 612 1006 684 ali·

192 730 302 905 puot
342 712 391 784 Et
423 710 516 783 edita
550 708 691 808 quidem
730 728 811 781 ante
843 707 1006 802 obitum,

222 811 281 908 qui
304 811 336 882 ei
356 834 446 882 anno
465 817 569 907 1655.
585 807 817 881 climadterico
839 806 900 880 suo
917 833 1005 882 con·
1027 897 1030 901 ,

191 910 296 1006 tigit]
323 908 437 981 Autor
454 904 644 998 recensuit,
661 908 780 997 auxit,
806 905 1003 980 illustravit.

191 1006 381 1079 Posthuma
404 1009 441 1078 in
454 1006 570 1079 lucem
587 1005 792 1105 prodierunt
807 1029 851 1076 ex
867 1004 1004 1078 Biblio-

192 1103 296 1178 theca
325 1104 451 1178 Illustr.
486 1104 620 1177 Haurici
660 1104 819 1176 Luduvici
859 1105 1005 1176 Haberti

189 1207 377 1278 Muumorii.
427 1202 567 1296 Quibus
582 1203 705 1276 Vitam
728 1203 905 1300 eleganter
925 1201 1004 1275 satis

188 1303 351 1400 scriptam
367 1301 534 1402 praemisit
548 1303 680 1376 Samuel
695 1302 881 1373 Surbierius.
921 1301 1004 1373 Ho-

188 1427 267 1477 rum
282 1399 476 1475 Volumine
499 1424 554 1474 ιι.
568 1399 660 1474 lib'ro
689 1422 769 1473 111.
796 1396 1005 1471 sententiam

190 1501 283 1574 suam
299 1501 337 1569 de
351 1504 540 1590 Libertate,
555 1503 720 1591 Fortuna,
739 1502 820 1571 Fata
835 1498 878 1577 δέ
893 1499 1003 1571 Divi·

191 1605 317 1672 natione
330 1599 509 1697 exposuit,
535 1599 715 1672 ostendens
728 1596 811 1696 quid
827 1596 871 1670 fit
884 1598 1004 1697 Libar-

191 1715 264 1789 tus,
282 1696 343 1792 seu
363 1702 498 1771 liberum
511 1701 717 1790 Arbitrium,
738 1698 817 1791 quid
834 1700 1012 1787 Fortuna,-

76 1861 80 1870 .
191 1798 272 1892 quid
282 1798 420 1887 Fatum,
435 1797 478 1876 δέ
491 1798 637 1890 quomoda
644 1799 841 1893 strigulorum
853 1799 998 1868 concilia·
1030 1856 1035 1863 .

190 1900 235 1966 tio
248 1893 461 1987 instituenda:
488 1918 553 1967 nec
567 1921 640 1969 non
661 1896 740 1990 quid
751 1894 789 1965 de
802 1896 995 1967 Divinatio·

189 2019 229 2066 ne
247 1993 308 2088 seu
330 1993 532 2090 praseufioue
560 2019 666 2067 rerum
689 1993 886 2088 futurarum
913 1994 999 2063 meri

180 2094 400 2188 fortuitarum
417 2093 612 2166 medendum.
661 2093 705 2165 In
720 2092 792 2184 his,
814 2111 855 2165 ut
869 2093 908 2164 in
925 2090 1001 2168 aliis

176 2188 424 2288 ,Philosophiae
453 2190 607 2289 partibus
635 2192 738 2291 hujus
770 2214 913 2290 operam
938 2215 1002 2287 erc·
1034 2208 1038 2215 ·

186 2289 339 2389 pendisse
353 2313 424 2361 non
439 2288 648 2385 poenitebit,
664 2291 807 2389 optimis
820 2291 915 2361 enim
923 2290 1001 2363 Au·

187 2406 306 2459 torum
320 2385 406 2459 locis
424 2388 594 2479 abundat,
621 2414 727 2488 quos,
752 2408 791 2462 ut
812 2387 921 2480 solet,
939 2391 1001 2487 ju·

186 2484 281 2558 dicio
319 2482 440 2656 selegit
473 2485 661 2588 singulari,
696 2490 872 2582 Epicurum
901 2490 1001 2562 1³1·ae-

186 2604 366 2684 ceptorem
400 2605 551 2678 ecutus,
577 2590 676 2687 cujus
702 2584 791 2686 peni
820 2586 1000 2660 demortui

182 2684 403 2779 AEsculapium
417 2683 555 2773 ferunt,
571 2687 632 2759 'ita
643 2706 783 2777 tamen,
809 2707 849 2759 ut
864 2683 997 2759 doetri-

181 2808 227 2855 na
259 2780 392 2856 Christi
421 2808 502 2860 cum
532 2784 627 2860 istius
656 2783 741 2858 stare
768 2783 998 2894 Philosophia

182 2879 296 2991 poffit.
355 2926 359 2931 ·
