2400 3960
430 218 746 307 FATI.
945 252 998 352 77
1119 217 1167 311 ff

188 411 351 510 francisci
365 409 492 506 Sylvii,
683 477 685 480 .

265 513 448 614 Theologi
464 509 665 627 Duacensrs.
728 550 730 557 .

192 639 352 712 Gabrielis
366 641 532 732 Naudaer',

265 736 420 810 Parisini.

193 861 378 959 Godschalci
390 871 499 960 Altii,

266 961 482 1065 Theologiae
497 967 703 1041 Licentiati.

191 1090 575 1184 JoannisElichmanni‚
1002 1149 1007 1161 .

164 1225 169 1236 =
265 1190 460 1263 Medicinae
476 1191 663 1283 nonoris,
674 1191 773 1291 operi
787 1191 981 1269 immortui.

192 1312 319 1387 Thomae
333 1317 465 1410 Erash,
646 1408 649 1412 ¹

265 1414 405 1487 Medici
419 1414 676 1516 &Philosophi
691 1415 778 1490 olim
793 1417 950 1495 celebris.
973 1443 989 1477 ⁴

242 1609 407 1708 Qromm
429 1638 533 1686 nemo
556 1614 627 1686 hoc
648 1633 894 1714 argumentum
916 1613 1006 1690 infra
1040 1672 1043 1677 -

181 1708 403 1812 ‘dignitatem
417 1711 509 1785 suam
524 1711 658 1786 habuit.
679 1814 684 1823 ‚
803 1754 806 1761 ·

145 1967 149 1978 .
241 1911 285 1984 N
286 1936 327 1984 ec
360 1913 424 1985 hos
452 1907 592 1986 tantum
620 1910 819 1987 sollicitavit
846 1915 1004 1989 materiae

192 2009 349 2109 pondus,
374 2009 431 2084 sed
458 2036 524 2084 nec
546 2013 619 2084 aliis
639 2009 825 2084 clarissimis
841 2013 924 2085 viris
949 2015 1003 2084 in-

191 2110 338 2208 dignum
352 2131 599 2210 argumentum
616 2110 726 2184 visum
748 2109 799 2182 est
820 2111 878 2185 cui
901 2111 1005 2184 horas

190 2208 351 2306 quasdam
371 2208 552 2285 subcisrvas
577 2209 831 2308 impepderent.
881 2211 925 2284 In
950 2210 1005 2283 his
1059 2237 1062 2240 ’

192 2309 365 2379 Claudium
386 2311 604 2404 Salmaflum,
631 2311 805 2381 Danielem
817 2311 1005 2404 Ihinstum,
1115 2312 1118 2325 ’

193 2405 231 2476 &
259 2407 375 2478 vivam
394 2403 520 2481 'illam
534 2407 793 2481 Bibliothecam
824 2411 1006 2481 Gabrielem

191 2504 398 2595 Naudaeam,
422 2507 524 2579 illum
533 2506 622 2586 licat
643 2508 715 2604 jam
732 2507 1005 2597 nominaverim,

145 2612 155 2625 ‘
191 2602 252 2700 qui
267 2601 355 2672 mihi
370 2605 618 2692 innotuerunt,
644 2605 803 2700 appe110‚
829 2602 1010 2701 quibusin
1052 2624 1053 2629 ’

191 2701 262 2771 hoc
276 2697 459 2782 decurrere
474 2724 600 2797 campo
618 2699 761 2795 placuit.
1014 2786 1016 2791 ,

119 2829 122 2833 >
241 2796 407 2893 Qrorum
437 2798 524 2870 dum
541 2875 543 2879 ,
563 2799 708 2872 nomina
739 2823 1008 2893 commemoro,
1090 2830 1093 2833 ¹

190 2897 356 2970 autoritas
377 2898 535 2995 quaedam
558 2895 638 2967 inde
663 2897 742 2971 Fati
772 2896 1010 2997 Scriptoribus

189 3019 263 3067 non
295 2995 379 3069 levis
411 2995 576 3087 acceffit,
609 2990 705 3093 quod
744 2997 790 3070 hi‘
812 2998 1009 3071 Triumviri

187 3094 364 3192 principes
395 3095 572 3172 literarum
604 3095 655 3172 sui
687 3098 754 3171 aevi
786 3122 859 3172 non
884 3097 1021 3196 injuria,

187 3191 411 3269 aestimentur.
1022 3219 1027 3231 ‘

804 3469 1124 3596 ,Qrs‘
