2400 3960
112 145 904 340 ⁴32'TntATRUM

217 407 382 503 fervoris,
408 432 449 485 ut
471 409 618 485 sedecim
640 434 810 488 annorum
833 438 920 513 puer
942 441 1033 493 mar·

218 511 350 608 tyrium
364 508 475 583 subire
498 530 634 609 paratus
656 511 760 604 esset,
787 513 824 582 ni
837 514 948 588 vestet
970 516 1032 592 ab·

215 607 358 682 stulisset
374 608 518 707 provida
533 628 654 681 mater.
683 609 876 709 Captivum
894 634 1032 711 patrem

215 715 332 780 t'emen
354 708 396 781 ad
411 727 563 779 mortem
585 706 785 782 constanter
805 733 871 807 pro
893 711 964 785 fide
978 713 1031 786 fe·

212 804 353 877 rendam
369 832 434 906 pro
448 803 578 877 viribus
593 806 768 881 incitavit.
809 806 929 900 Quare
942 813 1030 883 Hie·

212 927 357 997 rotomo,
384 905 497 977 minus
519 900 600 974 aliis
621 901 687 1002 ipsi
702 908 836 998 amico,
865 908 932 981 Vir
952 933 1026 982 ma·

212 1023 302 1099 gnus
327 1002 433 1077 audit.
450 1005 472 1050 ⁴*
512 1001 629 1100 Hujus
652 1026 719 1099 pau
746 1023 890 1076 ertatem
904 1006 1024 1079 amisso

212 1119 381 1195 parente,
408 1097 568 1174 omnibus
590 1098 691 1173 bonis
770 1099 916 1172 infantia
934 1100 1020 1174 fisco

123 1194 138 1207 '⁸
158 1263 169 1274 .
209 1195 375 1291 addictis,
401 1201 459 1297 pia
479 1216 636 1270 matrona
654 1194 774 1367 opibus
795 1194 941 1268 affluens
961 1197 1015 1272 su·

211 1293 386 1371 stentavit.
407 1297 478 1370 Cui
492 1316 609 1370 tamen
623 1320 670 1368 nu
696 1300 752 1367 am
765 1294 909 1393 amplius
922 1319 1017 1370 crea·
1063 1348 1066 1353 -

206 1395 297 1467 verit
309 1396 520 1486 molestiam,
544 1393 727 1493 postquam
745 1391 1021 1468 Grammaticam

207 1490 334 1565 docere
348 1497 514 1594 potuerit.
539 1490 665 1565 Postet
679 1489 901 1564 Alexandriae
912 1491 1021 1566 Chri·

207 1589 348 1664 stianam
382 1593 610 1691 Religionem
641 1588 766 1662 docuit
805 1588 1020 1666 instituendo

204 1689 363 1785 ignaros,
379 1689 422 1762 ad
436 1686 567 1763 bellum
581 1686 707 1788 usque,
733 1687 829 1788 quod
845 1691 1020 1767 Caracalla

203 1785 297 1884 Imp.
319 1789 356 1860 in
378 1786 631 1860 Alexandrinos
652 1786 806 1886 parabat.
857 1788 953 1860 Tum
978 1789 1018 1860 in

201 1885 408 1959 Palestinam
431 1883 631 1977 discedens,
662 1884 706 1958 ab
728 1884 911 1986 Episcopis
941 1887 1015 1986 ejus

201 1983 272 2056 loci
288 1984 491 2058 sacerdotio
507 1983 691 2083 insignitus
705 1983 766 2057 est.
791 1982 903 2082 Qtod
918 1984 1017 2059 tanti

199 2074 331 2155 invidid
363 2081 519 2155 incendit
541 2085 772 2173 Demetrium,
799 2081 1017 2183 Episcopum

199 2181 448 2272 Alexandriae,
473 2199 514 2253 ut
542 2181 856 2280 omnem‘lapidem
878 2182 916 2254 in
941 2184 1016 2281 ejus

196 2280 392 2376 periculum
408 2298 580 2369 moveret,
592 2278 628 2350 &
643 2277 746 2352 missis
759 2278 867 2352 literis
880 2278 924 2350 de
937 2279 1014 2352 hae·

195 2375 259 2448 resi
281 2376 465 2451 accusaret.
514 2375 682 2450 Persuasit
703 2373 930 2477 quibusdam,
957 2379 1010 2449 uti

193 2474 376 2574 vulgatum
397 2473 467 2567 est,
493 2478 701 2548 calumniare
721 2475 872 2549 audaiier
882 2473 1009 2570 semper

193 2574 320 2669 aliquid
354 2575 456 2647 haeret
474 2600 487 2647 .·
521 2572 577 2647 sed
610 2572 776 2674 Episcopi
804 2571 1006 2664 Palestinae,

193 2674 253 2771 qui
275 2671 411 2772 optim&
435 2692 634 2767 noverant,
667 2668 833 2747 &contri
857 2669 1006 2744 firmiter
1037 2756 1045 2763 ,

190 2770 439 2872 protegebant,
449 2772 540 2871 apud
557 2797 643 2871 quos
658 2765 740 2845 cinn
752 2772 790 2843 de
803 2773 886 2842 Fato
898 2769 1004 2868 scrip·

187 2868 300 2961 s1sset,
314 2871 424 2943 multa
462 2895 501 2943 ro
515 2872 707 2969 Religione
723 2867 921 2943 Christiana
933 2865 1007 2970 pas·

190 2965 242 3040 sus
256 2966 393 3068 placide
408 2896 635 3041 oddormivit.
655 2965 684 3059 †

231 3219 252 3256 θ
273 3218 383 3278 Hieron.
401 3218 482 3300 Epist·
503 3229 547 3295 65.
563 3225 600 3278 ad
614 3223 809 3284 pammachium.
848 3223 853 3232 '

231 3298 252 3374 †
272 3302 319 3358 Du
335 3304 409 3370 Ρὶη,
432 3305 462 3359 de
477 3301 572 3378 Script.
590 3304 658 3361 dccl.
675 3319 735 3366 tom.
756 3323 781 3364 1.
794 3319 858 3385 pag.
879 3317 941 3360 ιιι.

303 3381 395 3452 Cave,
417 3384 448 3441 de
463 3376 526 3457 iisd.
539 3394 601 3461 pag.
617 3401 657 3462 55.

874 3480 1004 3579 Seculo

637 3672 653 3706 l
