2400 3960
321 201 694 289 ιΡΑΤΙ.
922 231 947 315 7

131 417 283 499 pereunt
307 395 410 470 bona.
461 395 582 468 Tanti
604 395 662 468 ille
684 390 819 496 jacinti
840 398 946 471 animi

132 502 335 597 impotens,
361 492 446 569 cirm
470 521 534 595 per
572 495 695 568 urbem
734 516 948 593 vagaretur,
994 535 998 543 ·

133 593 226 669 forte
250 597 380 670 librarii
404 595 538 669 adstitit
566 594 752 685 tabernae,
779 594 817 664 ὅ(
839 597 948 669 Xeno·

125 697 255 789 phontis
275 697 622 768 Commentariorum
652 693 802 766 lectione
830 692 946 767 delec-

131 815 239 887 tatus,
265 795 327 869 ubi
342 793 541 894 hujusmodi
558 794 624 867 viri
637 792 806 891 degerent
821 792 945 888 quaefi-

128 897 192 967 vit.
209 898 488 967 Praetereuntem
503 892 619 992 digito
635 890 847 962 monstrabat
860 895 945 962 Cra·

126 1008 223 1065 tatem
239 993 415 1086 librarius,
442 994 480 1064 in
495 998 593 1093 cujus
610 989 826 1089 disciplinam
846 988 944 1064 illici>

126 1091 314 1185 conceffit,
328 1092 364 1164 &
380 1092 495 1166 studio
510 1089 677 1165 indefesso
693 1090 843 1186 reliquos
857 1114 944 1162 con·

125 1189 312 1290 discipulos
339 1191 437 1266 brevi
470 1191 641 1288 temporis
673 1186 812 1285 spatio,
839 1187 942 1262 facile*

124 1288 311 1387 superavit.
360 1292 506 1383 Quanta
526 1295 599 1389 ejus
614 1287 720 1359 fuerit
733 1290 817 1359 vitae
839 1289 942 1361 inno·

128 1388 276 1476 centia,
302 1410 347 1456 ex
367 1386 553 1484 proverbio
579 1405 703 1484 patet,
730 1411 802 1484 quo
825 1388 941 1458 conti-

129 1506 216 1555 nens
229 1482 378 1575 dicitur,
396 1488 612 1559 Continentior
631 1489 770 1556 Zenone.
797 1485 942 1581 Qtanta

130 1583 204 1680 ejus
217 1580 394 1674 docirina,
411 1607 455 1655 ex
470 1608 532 1675 eu,
547 1581 642 1682 quod
659 1609 785 1656 novam
803 1585 839 1654 in
854 1584 939 1656 Phi·

127 1678 284 1779 losophia
307 1681 443 1755 Setiam
466 1684 670 1756 Stoicorum
696 1683 847 1756 condere
875 1708 939 1782 po·

125 1783 253 1872 tuerit,
269 1806 371 1879 quam
385 1780 493 1856 secuti
508 1781 730 1882 postmodum
744 1783 822 1858 sunt
837 1787 938 1857 Prin·

122 1879 221 1977 cipes
235 1880 447 1973 civitatum,
473 1884 540 1954 viri
562 1880 749 1974 lectitatur,
775 1887 835 1982 qui
863 1885 937 1955 fato

120 1980 243 2052 omnia
256 1977 335 2052 fieri
349 1981 533 2079 putabant,
546 1979 643 2079 quod
660 1983 701 2052 iis
715 1980 764 2052 est
778 1990 938 2055 connexa

120 2101 237 2151 rerum
252 2077 351 2152 series
366 2079 436 2155 five
449 2085 561 2173 rati0,
588 2103 770 2180 perquam
788 2080 938 2155 mundus

120 2181 323 2279 regatur*

104 2453 109 2464 .
160 2378 327 2456 Adscribunt
344 2380 422 2458 fiaxis
438 2377 560 2461 Lachefis
582 2400 683 2460 quoque
699 2381 787 2456 fortia
804 2381 873 2459 fila,

160 2496 348 2571 Teblorumque
370 2491 460 2548 trabes
474 2484 544 2564 fufis
563 2487 676 2564 pendere
698 2492 794 2549 rotatis

158 2603 301 2670 Credunt,
322 2618 403 2678 atque
418 2595 476 2676 ipsss
491 2594 618 2653 tribuunt
632 2599 736 2657 decreta
744 2598 847 2679 figillis.
869 2605 885 2679 †

118 2789 201 2863 Sive
217 2784 340 2856 Seneca
355 2772 490 2867 verbis,
506 2768 528 2836 i
554 2770 642 2845 Fata
654 2771 821 2873 jussuum
836 2802 935 2878 pera·

116 2905 239 2986 gunt,
274 2902 338 2952 nec
379 2874 450 2949 ulla
489 2891 764 2951 commoventur
802 2901 933 2976 prece,

116 3010 190 3058 non
217 2976 451 3053 misericordiai
478 2976 687 3064 flediuntur,
712 2998 786 3049 non
806 2979 931 3076 gratii.

118 3084 264 3156 Servant
291 3077 426 3151 cursum
452 3074 738 3161 irrevocabilem
766 3101 811 3148 ex
829 3077 932 3152 desti·

117 3201 200 3256 nato
223 3181 350 3255 fluunt.
398 3176 708 3274 Qtemadmodum
730 3176 932 3277 rapidorum
1007 3169 1009 3174 ’

482 3279 516 3351 Α
540 3301 567 3373 4
844 3278 933 3377 aqui

156 3427 176 3464 ὓ
199 3426 289 3487 [aiat.
300 3434 329 3490 in
340 3433 394 3486 vit.
408 3429 506 3486 Zenon.
591 3429 611 3501 †
635 3431 821 3488 Prudenald.
835 3435 928 3492 nacla.

113 3508 254 3582 Symanach.
336 3522 356 3578 t
378 3511 466 3567 Senec.
478 3509 526 3568 lib.
540 3530 566 3567 ι.
576 3526 630 3590 cap.
644 3531 686 3590 55.
698 3527 754 3570 nat.
766 3512 907 3592 Qaestiom
